
  <record>
    <leader>01000aam  22002601a 4500</leader>
    <controlfield tag="001">YPZ19328</controlfield>
    <controlfield tag="003">YPZ</controlfield>
    <controlfield tag="005">200703081549570</controlfield>
    <controlfield tag="008">070308|###########||||||b||||||||||spa|d</controlfield>
    <datafield tag="020" ind1=" " ind2=" ">
      <subfield code="a">8431105046</subfield>
    </datafield>
    <datafield tag="040" ind1=" " ind2=" ">
      <subfield code="c">SIUNPA</subfield>
    </datafield>
    <datafield tag="041" ind1=" " ind2=" ">
      <subfield code="a">spa</subfield>
    </datafield>
    <datafield tag="044" ind1=" " ind2=" ">
      <subfield code="a">ES</subfield>
    </datafield>
    <datafield tag="080" ind1=" " ind2=" ">
      <subfield code="a">338.48 L925g</subfield>
    </datafield>
    <datafield tag="100" ind1=" " ind2=" ">
      <subfield code="a">Lozato-Giotart, Jean-Pierre.</subfield>
    </datafield>
    <datafield tag="245" ind1=" " ind2=" ">
      <subfield code="a">Geografía del turismo</subfield>
      <subfield code="b"> : del espacio contemplado al espacio consumido</subfield>
      <subfield code="c"> / Soler Insa, Jordi, versión española de</subfield>
    </datafield>
    <datafield tag="250" ind1=" " ind2=" ">
      <subfield code="a">1a ed.</subfield>
    </datafield>
    <datafield tag="260" ind1=" " ind2=" ">
      <subfield code="a">Barcelona</subfield>
      <subfield code="b"> : Masson</subfield>
      <subfield code="c"> , 1990</subfield>
    </datafield>
    <datafield tag="650" ind1=" " ind2=" ">
      <subfield code="a"> TURISMO</subfield>
    </datafield>
    <datafield tag="650" ind1=" " ind2=" ">
      <subfield code="a"> DESARROLLO ECONOMICO Y SOCIAL</subfield>
    </datafield>
    <datafield tag="942" ind1=" " ind2=" ">
      <subfield code="c">BK</subfield>
    </datafield>
    <datafield tag="952" ind1=" " ind2=" ">
      <subfield code="a">BIB_RECT</subfield>
      <subfield code="b">BIB_UART</subfield>
      <subfield code="d">2007-03-02</subfield>
      <subfield code="y">BK</subfield>
      <subfield code="p">03-31237</subfield>
      <subfield code="i">03-31237</subfield>
      <subfield code="g">60</subfield>
      <subfield code="o">338.48 L925g</subfield>
      <subfield code="e">UART</subfield>
      <subfield code="8">CG</subfield>
    </datafield>
    <datafield tag="952" ind1=" " ind2=" ">
      <subfield code="a">BIB_RECT</subfield>
      <subfield code="b">BIB_UART</subfield>
      <subfield code="d">2007-03-02</subfield>
      <subfield code="y">BK</subfield>
      <subfield code="p">03-31238</subfield>
      <subfield code="i">03-31238</subfield>
      <subfield code="g">60</subfield>
      <subfield code="o">338.48 L925g</subfield>
      <subfield code="e">UART</subfield>
      <subfield code="8">CG</subfield>
    </datafield>
    <datafield tag="952" ind1=" " ind2=" ">
      <subfield code="a">BIB_RECT</subfield>
      <subfield code="b">BIB_UART</subfield>
      <subfield code="d">2007-03-02</subfield>
      <subfield code="y">BK</subfield>
      <subfield code="p">03-31239</subfield>
      <subfield code="i">03-31239</subfield>
      <subfield code="g">60</subfield>
      <subfield code="o">338.48 L925g</subfield>
      <subfield code="e">UART</subfield>
      <subfield code="8">CG</subfield>
    </datafield>
  </record>