
  <record>
    <leader>01000aam  22002601a 4500</leader>
    <controlfield tag="001">YPZ19339</controlfield>
    <controlfield tag="003">YPZ</controlfield>
    <controlfield tag="005">200703091644550</controlfield>
    <controlfield tag="008">070309|###########||||||b||||||||||spa|d</controlfield>
    <datafield tag="020" ind1=" " ind2=" ">
      <subfield code="a">8420531677</subfield>
    </datafield>
    <datafield tag="040" ind1=" " ind2=" ">
      <subfield code="c">SIUNPA</subfield>
    </datafield>
    <datafield tag="041" ind1=" " ind2=" ">
      <subfield code="a">spa</subfield>
    </datafield>
    <datafield tag="044" ind1=" " ind2=" ">
      <subfield code="a">ES</subfield>
    </datafield>
    <datafield tag="080" ind1=" " ind2=" ">
      <subfield code="a">004.9 P438t</subfield>
    </datafield>
    <datafield tag="100" ind1=" " ind2=" ">
      <subfield code="a">Pérez López, César.</subfield>
    </datafield>
    <datafield tag="245" ind1=" " ind2=" ">
      <subfield code="a">Técnicas estadísticas con SPSS</subfield>
    </datafield>
    <datafield tag="260" ind1=" " ind2=" ">
      <subfield code="a">Madrid</subfield>
      <subfield code="b"> : Pearson Educación</subfield>
      <subfield code="c"> , 2001</subfield>
    </datafield>
    <datafield tag="300" ind1=" " ind2=" ">
      <subfield code="a">428 p. : </subfield>
      <subfield code="b">il. ; </subfield>
      <subfield code="a">100 p. : </subfield>
      <subfield code="b">il. ; </subfield>
      <subfield code="a">200 p. : </subfield>
      <subfield code="b">il. ; </subfield>
      <subfield code="a">76 p. : </subfield>
      <subfield code="b">il. ; </subfield>
      <subfield code="a">256 p. : </subfield>
      <subfield code="b">il. ; </subfield>
      <subfield code="a">182 p. : </subfield>
      <subfield code="b">il. ; </subfield>
      <subfield code="a">xxviii, [804] p. en varías paginaciones : </subfield>
      <subfield code="b">il. ; </subfield>
      <subfield code="a">116 p. : </subfield>
      <subfield code="b">il. ; </subfield>
      <subfield code="a">1630 p. : </subfield>
      <subfield code="a">193 p. : </subfield>
      <subfield code="b">il. ; </subfield>
      <subfield code="a">159, 159 p. : </subfield>
      <subfield code="b">il. ; </subfield>
      <subfield code="a">55 p. : </subfield>
      <subfield code="b">il. ; </subfield>
      <subfield code="a">104 p. : </subfield>
      <subfield code="b">cuadros ; </subfield>
      <subfield code="a">23 p. : </subfield>
      <subfield code="b">il. ; </subfield>
      <subfield code="a">159, 159 p. : </subfield>
      <subfield code="b">il. ; </subfield>
      <subfield code="a">122 h. : </subfield>
      <subfield code="a">xix, 571 p. : </subfield>
      <subfield code="b">il. ; </subfield>
      <subfield code="e">1 CD-ROM en bolsillo</subfield>
    </datafield>
    <datafield tag="500" ind1=" " ind2=" ">
      <subfield code="a">El año de reimpresión varía según el ejemplar</subfield>
    </datafield>
    <datafield tag="650" ind1=" " ind2=" ">
      <subfield code="a"> PROGRAMA DE COMPUTADORA</subfield>
    </datafield>
    <datafield tag="650" ind1=" " ind2=" ">
      <subfield code="a"> ESTADISTICA COMPUTACIONAL</subfield>
    </datafield>
    <datafield tag="650" ind1=" " ind2=" ">
      <subfield code="a"> SPSS</subfield>
    </datafield>
    <datafield tag="650" ind1=" " ind2=" ">
      <subfield code="a"> INFORMATICA APLICADA</subfield>
    </datafield>
    <datafield tag="942" ind1=" " ind2=" ">
      <subfield code="c">BK</subfield>
    </datafield>
    <datafield tag="952" ind1=" " ind2=" ">
      <subfield code="a">BIB_RECT</subfield>
      <subfield code="b">BIB_UART</subfield>
      <subfield code="d">2007-03-02</subfield>
      <subfield code="y">BK</subfield>
      <subfield code="p">03-31364</subfield>
      <subfield code="i">03-31364</subfield>
      <subfield code="g">80</subfield>
      <subfield code="o">004.9 P438t</subfield>
      <subfield code="e">UART</subfield>
      <subfield code="8">CG</subfield>
    </datafield>
    <datafield tag="952" ind1=" " ind2=" ">
      <subfield code="a">BIB_RECT</subfield>
      <subfield code="b">BIB_UART</subfield>
      <subfield code="d">2007-08-29</subfield>
      <subfield code="y">BK</subfield>
      <subfield code="p">03-33061</subfield>
      <subfield code="i">03-33061</subfield>
      <subfield code="g">62</subfield>
      <subfield code="o">004.9 P438t</subfield>
      <subfield code="e">SIUNPA</subfield>
      <subfield code="8">CG</subfield>
    </datafield>
  </record>