
  <record>
    <leader>01000aam  22002601a 4500</leader>
    <controlfield tag="001">YPZ19341</controlfield>
    <controlfield tag="003">YPZ</controlfield>
    <controlfield tag="005">200703091717050</controlfield>
    <controlfield tag="008">070309|###########||||||b||||||||||spa|d</controlfield>
    <datafield tag="020" ind1=" " ind2=" ">
      <subfield code="a">9509155365</subfield>
    </datafield>
    <datafield tag="040" ind1=" " ind2=" ">
      <subfield code="c">SIUNPA</subfield>
    </datafield>
    <datafield tag="041" ind1=" " ind2=" ">
      <subfield code="a">spa</subfield>
    </datafield>
    <datafield tag="044" ind1=" " ind2=" ">
      <subfield code="a">AR</subfield>
    </datafield>
    <datafield tag="080" ind1=" " ind2=" ">
      <subfield code="a">372.862 G285t</subfield>
    </datafield>
    <datafield tag="100" ind1=" " ind2=" ">
      <subfield code="a">Gay, Aquiles.</subfield>
    </datafield>
    <datafield tag="700" ind1=" " ind2=" ">
      <subfield code="a">Ferreras, Miguel Ángel, colab..</subfield>
    </datafield>
    <datafield tag="700" ind1=" " ind2=" ">
      <subfield code="a">Durán, Gabriela, colab..</subfield>
    </datafield>
    <datafield tag="245" ind1=" " ind2=" ">
      <subfield code="a">Temas para la educación tecnológica</subfield>
    </datafield>
    <datafield tag="250" ind1=" " ind2=" ">
      <subfield code="a">1a ed., 1a reimpr.</subfield>
    </datafield>
    <datafield tag="260" ind1=" " ind2=" ">
      <subfield code="a">Buenos Aires</subfield>
      <subfield code="b"> : La Obra</subfield>
      <subfield code="c"> , 2000</subfield>
    </datafield>
    <datafield tag="505" ind1=" " ind2=" ">
      <subfield code="a">Con.: Modelos - Materiales - Energía - Sistemas - Lectura del objeto</subfield>
    </datafield>
    <datafield tag="650" ind1=" " ind2=" ">
      <subfield code="a"> ENSEÑANZA TECNICA</subfield>
    </datafield>
    <datafield tag="650" ind1=" " ind2=" ">
      <subfield code="a"> EDUCACION TECNOLOGICA</subfield>
    </datafield>
    <datafield tag="650" ind1=" " ind2=" ">
      <subfield code="a"> ACTIVIDADES DE APRENDIZAJE</subfield>
    </datafield>
    <datafield tag="942" ind1=" " ind2=" ">
      <subfield code="c">BK</subfield>
    </datafield>
    <datafield tag="952" ind1=" " ind2=" ">
      <subfield code="a">BIB_RECT</subfield>
      <subfield code="b">BIB_UART</subfield>
      <subfield code="d">2007-03-02</subfield>
      <subfield code="y">BK</subfield>
      <subfield code="p">03-31373</subfield>
      <subfield code="i">03-31373</subfield>
      <subfield code="g">32</subfield>
      <subfield code="o">372.862 G285t</subfield>
      <subfield code="e">UART</subfield>
      <subfield code="8">CG</subfield>
    </datafield>
    <datafield tag="952" ind1=" " ind2=" ">
      <subfield code="a">BIB_RECT</subfield>
      <subfield code="b">BIB_UART</subfield>
      <subfield code="d">2007-03-02</subfield>
      <subfield code="y">BK</subfield>
      <subfield code="p">03-31374</subfield>
      <subfield code="i">03-31374</subfield>
      <subfield code="g">32</subfield>
      <subfield code="o">372.862 G285t</subfield>
      <subfield code="e">UART</subfield>
      <subfield code="8">CG</subfield>
    </datafield>
  </record>