
  <record>
    <leader>01000aam  22002601a 4500</leader>
    <controlfield tag="001">YPZ19342</controlfield>
    <controlfield tag="003">YPZ</controlfield>
    <controlfield tag="005">200703091805170</controlfield>
    <controlfield tag="008">070309|###########||||||b||||||||||spa|d</controlfield>
    <datafield tag="020" ind1=" " ind2=" ">
      <subfield code="a">9871081707</subfield>
    </datafield>
    <datafield tag="040" ind1=" " ind2=" ">
      <subfield code="c">SIUNPA</subfield>
    </datafield>
    <datafield tag="041" ind1=" " ind2=" ">
      <subfield code="a">spa</subfield>
    </datafield>
    <datafield tag="044" ind1=" " ind2=" ">
      <subfield code="a">AR</subfield>
    </datafield>
    <datafield tag="080" ind1=" " ind2=" ">
      <subfield code="a">372.851 S126e</subfield>
    </datafield>
    <datafield tag="100" ind1=" " ind2=" ">
      <subfield code="a">Sadovsky, Patricia.</subfield>
    </datafield>
    <datafield tag="245" ind1=" " ind2=" ">
      <subfield code="a">Enseñar matemática hoy</subfield>
      <subfield code="b"> : miradas, sentidos y desafíos</subfield>
    </datafield>
    <datafield tag="260" ind1=" " ind2=" ">
      <subfield code="a">Buenos Aires</subfield>
      <subfield code="b"> : Libros del Zorzal</subfield>
      <subfield code="c"> , 2005</subfield>
    </datafield>
    <datafield tag="440" ind1=" " ind2=" ">
      <subfield code="a">Psicología cognitiva y educación</subfield>
      <subfield code="a">Colección de geografía</subfield>
      <subfield code="a">Programa de Transformación de la Formación Docente, PTFD</subfield>
      <subfield code="a">Formación docente. Matemática</subfield>
      <subfield code="v">1</subfield>
    </datafield>
    <datafield tag="490" ind1=" " ind2=" ">
      <subfield code="a">Psicología cognitiva y educación</subfield>
      <subfield code="a">Colección de geografía</subfield>
      <subfield code="a">Programa de Transformación de la Formación Docente, PTFD</subfield>
      <subfield code="a">Formación docente. Matemática</subfield>
      <subfield code="v">1</subfield>
    </datafield>
    <datafield tag="650" ind1=" " ind2=" ">
      <subfield code="a"> ENSEÑANZA DE LAS MATEMATICAS</subfield>
    </datafield>
    <datafield tag="650" ind1=" " ind2=" ">
      <subfield code="a"> ACTIVIDADES DE APRENDIZAJE</subfield>
    </datafield>
    <datafield tag="942" ind1=" " ind2=" ">
      <subfield code="c">BK</subfield>
    </datafield>
    <datafield tag="952" ind1=" " ind2=" ">
      <subfield code="a">BIB_RECT</subfield>
      <subfield code="b">BIB_UART</subfield>
      <subfield code="d">2007-03-02</subfield>
      <subfield code="y">BK</subfield>
      <subfield code="p">03-31458</subfield>
      <subfield code="i">03-31458</subfield>
      <subfield code="g">25</subfield>
      <subfield code="o">372.851 S126e</subfield>
      <subfield code="e">UART</subfield>
      <subfield code="8">CG</subfield>
    </datafield>
    <datafield tag="952" ind1=" " ind2=" ">
      <subfield code="a">BIB_RECT</subfield>
      <subfield code="b">BIB_UASJ</subfield>
      <subfield code="d">2009-03-27</subfield>
      <subfield code="y">BK</subfield>
      <subfield code="p">04-37355</subfield>
      <subfield code="i">04-37355</subfield>
      <subfield code="g">25</subfield>
      <subfield code="o">372.851 S126e</subfield>
      <subfield code="e">Proyecto de investigación</subfield>
      <subfield code="8">CG</subfield>
    </datafield>
    <datafield tag="952" ind1=" " ind2=" ">
      <subfield code="a">BIB_RECT</subfield>
      <subfield code="b">BIB_UASJ</subfield>
      <subfield code="d">2009-03-27</subfield>
      <subfield code="y">BK</subfield>
      <subfield code="p">04-37456</subfield>
      <subfield code="i">04-37456</subfield>
      <subfield code="g">25</subfield>
      <subfield code="o">372.851 S126e</subfield>
      <subfield code="e">Proyecto de investigación</subfield>
      <subfield code="8">CG</subfield>
    </datafield>
    <datafield tag="952" ind1=" " ind2=" ">
      <subfield code="a">BIB_RECT</subfield>
      <subfield code="b">BIB_UARG</subfield>
      <subfield code="d">2007-11-13</subfield>
      <subfield code="y">BK</subfield>
      <subfield code="p">05-33881</subfield>
      <subfield code="i">05-33881</subfield>
      <subfield code="g">19.5</subfield>
      <subfield code="o">372.851 S126e</subfield>
      <subfield code="e">SIUNPA</subfield>
      <subfield code="8">CG</subfield>
    </datafield>
    <datafield tag="952" ind1=" " ind2=" ">
      <subfield code="a">BIB_RECT</subfield>
      <subfield code="b">BIB_UARG</subfield>
      <subfield code="d">2007-11-13</subfield>
      <subfield code="y">BK</subfield>
      <subfield code="p">05-33882</subfield>
      <subfield code="i">05-33882</subfield>
      <subfield code="g">19.5</subfield>
      <subfield code="o">372.851 S126e</subfield>
      <subfield code="e">SIUNPA</subfield>
      <subfield code="8">CG</subfield>
    </datafield>
    <datafield tag="952" ind1=" " ind2=" ">
      <subfield code="a">BIB_RECT</subfield>
      <subfield code="b">SAT_GREG</subfield>
      <subfield code="d">2011-02-24</subfield>
      <subfield code="y">BK</subfield>
      <subfield code="p">18-40552</subfield>
      <subfield code="i">18-40552</subfield>
      <subfield code="g">25</subfield>
      <subfield code="o">372.851 S126e</subfield>
      <subfield code="e">Donación Prof. García, Valeria</subfield>
      <subfield code="8">CG</subfield>
    </datafield>
  </record>