
  <record>
    <leader>01000aam  22002601a 4500</leader>
    <controlfield tag="001">YPZ19343</controlfield>
    <controlfield tag="003">YPZ</controlfield>
    <controlfield tag="005">200703091820440</controlfield>
    <controlfield tag="008">070309|###########||||||b||||||||||spa|d</controlfield>
    <datafield tag="020" ind1=" " ind2=" ">
      <subfield code="a">9871081715</subfield>
    </datafield>
    <datafield tag="040" ind1=" " ind2=" ">
      <subfield code="c">SIUNPA</subfield>
    </datafield>
    <datafield tag="041" ind1=" " ind2=" ">
      <subfield code="a">spa</subfield>
    </datafield>
    <datafield tag="044" ind1=" " ind2=" ">
      <subfield code="a">AR</subfield>
    </datafield>
    <datafield tag="080" ind1=" " ind2=" ">
      <subfield code="a">372.851 S493i</subfield>
    </datafield>
    <datafield tag="100" ind1=" " ind2=" ">
      <subfield code="a">Sessa, Carmen.</subfield>
    </datafield>
    <datafield tag="245" ind1=" " ind2=" ">
      <subfield code="a">Iniciación al estudio didáctico del álgebra</subfield>
      <subfield code="b"> : orígenes y perspectivas</subfield>
    </datafield>
    <datafield tag="260" ind1=" " ind2=" ">
      <subfield code="a">Buenos Aires</subfield>
      <subfield code="b"> : Libros del Zorzal</subfield>
      <subfield code="c"> , 2005</subfield>
    </datafield>
    <datafield tag="440" ind1=" " ind2=" ">
      <subfield code="a">Formación docente. Matemática</subfield>
      <subfield code="v">2</subfield>
    </datafield>
    <datafield tag="490" ind1=" " ind2=" ">
      <subfield code="a">Formación docente. Matemática</subfield>
      <subfield code="v">2</subfield>
    </datafield>
    <datafield tag="650" ind1=" " ind2=" ">
      <subfield code="a"> ENSEÑANZA DE LAS MATEMATICAS</subfield>
    </datafield>
    <datafield tag="650" ind1=" " ind2=" ">
      <subfield code="a"> ENSEÑANZA DEL ALGEBRA</subfield>
    </datafield>
    <datafield tag="650" ind1=" " ind2=" ">
      <subfield code="a"> ACTIVIDADES DE APRENDIZAJE</subfield>
    </datafield>
    <datafield tag="942" ind1=" " ind2=" ">
      <subfield code="c">BK</subfield>
    </datafield>
    <datafield tag="952" ind1=" " ind2=" ">
      <subfield code="a">BIB_RECT</subfield>
      <subfield code="b">BIB_UACO</subfield>
      <subfield code="d">2007-06-12</subfield>
      <subfield code="y">BK</subfield>
      <subfield code="p">02-32371</subfield>
      <subfield code="i">02-32371</subfield>
      <subfield code="g">37.59</subfield>
      <subfield code="o">372.851 S493i</subfield>
      <subfield code="e">SIUNPA</subfield>
      <subfield code="8">CG</subfield>
    </datafield>
    <datafield tag="952" ind1=" " ind2=" ">
      <subfield code="a">BIB_RECT</subfield>
      <subfield code="b">BIB_UACO</subfield>
      <subfield code="d">2008-05-27</subfield>
      <subfield code="y">BK</subfield>
      <subfield code="p">02-35797</subfield>
      <subfield code="i">02-35797</subfield>
      <subfield code="g">25</subfield>
      <subfield code="o">372.851 S493i</subfield>
      <subfield code="e">SIUNPA</subfield>
      <subfield code="8">CG</subfield>
    </datafield>
    <datafield tag="952" ind1=" " ind2=" ">
      <subfield code="a">BIB_RECT</subfield>
      <subfield code="b">BIB_UACO</subfield>
      <subfield code="d">2008-05-27</subfield>
      <subfield code="y">BK</subfield>
      <subfield code="p">02-35798</subfield>
      <subfield code="i">02-35798</subfield>
      <subfield code="g">25</subfield>
      <subfield code="o">372.851 S493i</subfield>
      <subfield code="e">SIUNPA</subfield>
      <subfield code="8">CG</subfield>
    </datafield>
    <datafield tag="952" ind1=" " ind2=" ">
      <subfield code="a">BIB_RECT</subfield>
      <subfield code="b">BIB_UART</subfield>
      <subfield code="d">2007-03-02</subfield>
      <subfield code="y">BK</subfield>
      <subfield code="p">03-31457</subfield>
      <subfield code="i">03-31457</subfield>
      <subfield code="g">25</subfield>
      <subfield code="o">372.851 S493i</subfield>
      <subfield code="e">UART</subfield>
      <subfield code="8">CG</subfield>
    </datafield>
    <datafield tag="952" ind1=" " ind2=" ">
      <subfield code="a">BIB_RECT</subfield>
      <subfield code="b">BIB_UASJ</subfield>
      <subfield code="d">2010-11-25</subfield>
      <subfield code="y">BK</subfield>
      <subfield code="p">04-40417</subfield>
      <subfield code="i">04-40417</subfield>
      <subfield code="g">36</subfield>
      <subfield code="o">372.851 S493i</subfield>
      <subfield code="e">Donación Prof. García, Valeria</subfield>
      <subfield code="8">CG</subfield>
    </datafield>
    <datafield tag="952" ind1=" " ind2=" ">
      <subfield code="a">BIB_RECT</subfield>
      <subfield code="b">BIB_UARG</subfield>
      <subfield code="d">2007-11-13</subfield>
      <subfield code="y">BK</subfield>
      <subfield code="p">05-33877</subfield>
      <subfield code="i">05-33877</subfield>
      <subfield code="g">19.5</subfield>
      <subfield code="o">372.851 S493i</subfield>
      <subfield code="e">SIUNPA</subfield>
      <subfield code="8">CG</subfield>
    </datafield>
    <datafield tag="952" ind1=" " ind2=" ">
      <subfield code="a">BIB_RECT</subfield>
      <subfield code="b">BIB_UARG</subfield>
      <subfield code="d">2007-11-13</subfield>
      <subfield code="y">BK</subfield>
      <subfield code="p">05-33878</subfield>
      <subfield code="i">05-33878</subfield>
      <subfield code="g">19.5</subfield>
      <subfield code="o">372.851 S493i</subfield>
      <subfield code="e">SIUNPA</subfield>
      <subfield code="8">CG</subfield>
    </datafield>
  </record>