
  <record>
    <leader>01000aam  22002601a 4500</leader>
    <controlfield tag="001">YPZ19360</controlfield>
    <controlfield tag="003">YPZ</controlfield>
    <controlfield tag="005">200703131516130</controlfield>
    <controlfield tag="008">070313|###########||||||b||||||||||spa|d</controlfield>
    <datafield tag="020" ind1=" " ind2=" ">
      <subfield code="a">8400072812</subfield>
    </datafield>
    <datafield tag="040" ind1=" " ind2=" ">
      <subfield code="c">SIUNPA</subfield>
    </datafield>
    <datafield tag="041" ind1=" " ind2=" ">
      <subfield code="a">spa</subfield>
    </datafield>
    <datafield tag="044" ind1=" " ind2=" ">
      <subfield code="a">ES</subfield>
    </datafield>
    <datafield tag="080" ind1=" " ind2=" ">
      <subfield code="a">133.4 L697l</subfield>
    </datafield>
    <datafield tag="245" ind1=" " ind2=" ">
      <subfield code="a">Libro de los dichos maravillosos</subfield>
      <subfield code="b"> : misceláneo morisco de magia y adivinación</subfield>
      <subfield code="c"> / Labarta, Ana, introd., interpretación, glosario e índices</subfield>
    </datafield>
    <datafield tag="260" ind1=" " ind2=" ">
      <subfield code="a">Madrid</subfield>
      <subfield code="b"> : Instituto de Cooperación con el Mundo Árabe</subfield>
      <subfield code="c"> , 1993</subfield>
    </datafield>
    <datafield tag="440" ind1=" " ind2=" ">
      <subfield code="a">Colección signo comunicación y sociedad</subfield>
      <subfield code="a">Gestión turística</subfield>
      <subfield code="a">Colección temas de turismo</subfield>
      <subfield code="a">Colección tesis</subfield>
      <subfield code="a">Colección temas de turismo</subfield>
      <subfield code="a">Ariel Educación</subfield>
      <subfield code="a">Fuentes arábico-hispanas</subfield>
      <subfield code="v">12</subfield>
    </datafield>
    <datafield tag="490" ind1=" " ind2=" ">
      <subfield code="a">Colección signo comunicación y sociedad</subfield>
      <subfield code="a">Gestión turística</subfield>
      <subfield code="a">Colección temas de turismo</subfield>
      <subfield code="a">Colección tesis</subfield>
      <subfield code="a">Colección temas de turismo</subfield>
      <subfield code="a">Ariel Educación</subfield>
      <subfield code="a">Fuentes arábico-hispanas</subfield>
      <subfield code="v">12</subfield>
    </datafield>
    <datafield tag="650" ind1=" " ind2=" ">
      <subfield code="a"> OCULTISMO</subfield>
    </datafield>
    <datafield tag="650" ind1=" " ind2=" ">
      <subfield code="a"> MAGIA</subfield>
    </datafield>
    <datafield tag="650" ind1=" " ind2=" ">
      <subfield code="a"> CULTURA ISLAMICA</subfield>
    </datafield>
    <datafield tag="942" ind1=" " ind2=" ">
      <subfield code="c">BK</subfield>
    </datafield>
    <datafield tag="952" ind1=" " ind2=" ">
      <subfield code="a">BIB_RECT</subfield>
      <subfield code="b">BIB_UACO</subfield>
      <subfield code="d">2006-10-12</subfield>
      <subfield code="y">BK</subfield>
      <subfield code="p">02-30988</subfield>
      <subfield code="i">02-30988</subfield>
      <subfield code="g">50</subfield>
      <subfield code="o">133.4 L697l</subfield>
      <subfield code="e">Donación España</subfield>
      <subfield code="8">CG</subfield>
    </datafield>
  </record>