
  <record>
    <leader>01000aam  22002601a 4500</leader>
    <controlfield tag="001">YPZ19377</controlfield>
    <controlfield tag="003">YPZ</controlfield>
    <controlfield tag="005">200703131737360</controlfield>
    <controlfield tag="008">070313|###########||||||b||||||||||spa|d</controlfield>
    <datafield tag="020" ind1=" " ind2=" ">
      <subfield code="a">8477382999</subfield>
    </datafield>
    <datafield tag="040" ind1=" " ind2=" ">
      <subfield code="c">SIUNPA</subfield>
    </datafield>
    <datafield tag="041" ind1=" " ind2=" ">
      <subfield code="a">spa</subfield>
    </datafield>
    <datafield tag="044" ind1=" " ind2=" ">
      <subfield code="a">ES</subfield>
    </datafield>
    <datafield tag="080" ind1=" " ind2=" ">
      <subfield code="a">616-053.9 E569e</subfield>
    </datafield>
    <datafield tag="245" ind1=" " ind2=" ">
      <subfield code="a">Enfermería geriátrica</subfield>
      <subfield code="c"> / Pérez Melero, Andrés, coordinador</subfield>
    </datafield>
    <datafield tag="250" ind1=" " ind2=" ">
      <subfield code="a">1a reimpr.</subfield>
    </datafield>
    <datafield tag="260" ind1=" " ind2=" ">
      <subfield code="a">Madrid</subfield>
      <subfield code="b"> : Síntesis</subfield>
      <subfield code="c"> , 1997</subfield>
    </datafield>
    <datafield tag="440" ind1=" " ind2=" ">
      <subfield code="a">Colección ciudades iberoamericanas</subfield>
      <subfield code="a">Colección ciudades iberoamericanas</subfield>
      <subfield code="a">Colección de mitos indígenas</subfield>
      <subfield code="a">Colección de mitos indígenas</subfield>
      <subfield code="a">Colección huellas del caracol</subfield>
      <subfield code="a">Fundación MAPFRE estudios</subfield>
      <subfield code="a">Colección enfermería, Fisioterapia y podología. Serie enfermería</subfield>
      <subfield code="v">9</subfield>
    </datafield>
    <datafield tag="490" ind1=" " ind2=" ">
      <subfield code="a">Colección ciudades iberoamericanas</subfield>
      <subfield code="a">Colección ciudades iberoamericanas</subfield>
      <subfield code="a">Colección de mitos indígenas</subfield>
      <subfield code="a">Colección de mitos indígenas</subfield>
      <subfield code="a">Colección huellas del caracol</subfield>
      <subfield code="a">Fundación MAPFRE estudios</subfield>
      <subfield code="a">Colección enfermería, Fisioterapia y podología. Serie enfermería</subfield>
      <subfield code="v">9</subfield>
    </datafield>
    <datafield tag="650" ind1=" " ind2=" ">
      <subfield code="a"> GERONTOLOGIA</subfield>
    </datafield>
    <datafield tag="650" ind1=" " ind2=" ">
      <subfield code="a"> PACIENTES GERIATRICOS</subfield>
    </datafield>
    <datafield tag="650" ind1=" " ind2=" ">
      <subfield code="a"> PSICOTERAPIA GERIATRICA</subfield>
    </datafield>
    <datafield tag="650" ind1=" " ind2=" ">
      <subfield code="a"> VEJEZ</subfield>
    </datafield>
    <datafield tag="650" ind1=" " ind2=" ">
      <subfield code="a"> ENVEJECIMIENTO</subfield>
    </datafield>
    <datafield tag="942" ind1=" " ind2=" ">
      <subfield code="c">BK</subfield>
    </datafield>
    <datafield tag="952" ind1=" " ind2=" ">
      <subfield code="a">BIB_RECT</subfield>
      <subfield code="b">BIB_UART</subfield>
      <subfield code="d">2007-03-02</subfield>
      <subfield code="y">BK</subfield>
      <subfield code="p">03-31415</subfield>
      <subfield code="i">03-31415</subfield>
      <subfield code="g">68</subfield>
      <subfield code="o">616-053.9 E569e</subfield>
      <subfield code="e">UART</subfield>
      <subfield code="8">CG</subfield>
    </datafield>
  </record>