
  <record>
    <leader>01000aam  22002601a 4500</leader>
    <controlfield tag="001">YPZ19401</controlfield>
    <controlfield tag="003">YPZ</controlfield>
    <controlfield tag="005">200703151612380</controlfield>
    <controlfield tag="008">070315|###########||||||b||||||||||spa|d</controlfield>
    <datafield tag="020" ind1=" " ind2=" ">
      <subfield code="a">9500723360</subfield>
    </datafield>
    <datafield tag="040" ind1=" " ind2=" ">
      <subfield code="c">SIUNPA</subfield>
    </datafield>
    <datafield tag="041" ind1=" " ind2=" ">
      <subfield code="a">spa</subfield>
    </datafield>
    <datafield tag="044" ind1=" " ind2=" ">
      <subfield code="a">AR</subfield>
    </datafield>
    <datafield tag="080" ind1=" " ind2=" ">
      <subfield code="a">14 A159u</subfield>
    </datafield>
    <datafield tag="100" ind1=" " ind2=" ">
      <subfield code="a">Abraham, Tomás.</subfield>
    </datafield>
    <datafield tag="245" ind1=" " ind2=" ">
      <subfield code="a">El último Foucault</subfield>
    </datafield>
    <datafield tag="250" ind1=" " ind2=" ">
      <subfield code="a">1a ed.</subfield>
    </datafield>
    <datafield tag="260" ind1=" " ind2=" ">
      <subfield code="a">Buenos Aires</subfield>
      <subfield code="b"> : Sudamericana</subfield>
      <subfield code="c"> , 2003</subfield>
    </datafield>
    <datafield tag="505" ind1=" " ind2=" ">
      <subfield code="a">Contiene: Coraje y verdad / Michel Foucalt, p. 263-406</subfield>
    </datafield>
    <datafield tag="650" ind1=" " ind2=" ">
      <subfield code="a"> VERDAD</subfield>
    </datafield>
    <datafield tag="650" ind1=" " ind2=" ">
      <subfield code="a"> PODER</subfield>
    </datafield>
    <datafield tag="650" ind1=" " ind2=" ">
      <subfield code="a"> FILOSOFIA DEL CONOCIMIENTO</subfield>
    </datafield>
    <datafield tag="650" ind1=" " ind2=" ">
      <subfield code="a"> TEORIAS FILOSOFICAS</subfield>
    </datafield>
    <datafield tag="650" ind1=" " ind2=" ">
      <subfield code="a"> FOUCAULT, MICHEL (1926</subfield>
    </datafield>
    <datafield tag="650" ind1=" " ind2=" ">
      <subfield code="a">1984)</subfield>
    </datafield>
    <datafield tag="942" ind1=" " ind2=" ">
      <subfield code="c">BK</subfield>
    </datafield>
    <datafield tag="952" ind1=" " ind2=" ">
      <subfield code="a">BIB_RECT</subfield>
      <subfield code="b">BIB_UACO</subfield>
      <subfield code="d">2007-02-20</subfield>
      <subfield code="y">BK</subfield>
      <subfield code="p">02-31190</subfield>
      <subfield code="i">02-31190</subfield>
      <subfield code="g">23</subfield>
      <subfield code="o">14 A159u</subfield>
      <subfield code="e">SIUNPA</subfield>
      <subfield code="8">CG</subfield>
    </datafield>
    <datafield tag="952" ind1=" " ind2=" ">
      <subfield code="a">BIB_RECT</subfield>
      <subfield code="b">BIB_UASJ</subfield>
      <subfield code="d">2008-05-27</subfield>
      <subfield code="y">BK</subfield>
      <subfield code="p">04-35784</subfield>
      <subfield code="i">04-35784</subfield>
      <subfield code="g">20.54</subfield>
      <subfield code="o">14 A159u</subfield>
      <subfield code="e">SIUNPA</subfield>
      <subfield code="8">CG</subfield>
    </datafield>
    <datafield tag="952" ind1=" " ind2=" ">
      <subfield code="a">BIB_RECT</subfield>
      <subfield code="b">BIB_UARG</subfield>
      <subfield code="d">2007-08-02</subfield>
      <subfield code="y">BK</subfield>
      <subfield code="p">05-32833</subfield>
      <subfield code="i">05-32833</subfield>
      <subfield code="g">23</subfield>
      <subfield code="o">14 A159u</subfield>
      <subfield code="e">Proyecto de investigación 29/A099</subfield>
      <subfield code="8">CG</subfield>
    </datafield>
  </record>