
  <record>
    <leader>01000aam  22002601a 4500</leader>
    <controlfield tag="001">YPZ19402</controlfield>
    <controlfield tag="003">YPZ</controlfield>
    <controlfield tag="005">200703151714240</controlfield>
    <controlfield tag="008">070315|###########||||||b||||||||||spa|d</controlfield>
    <datafield tag="020" ind1=" " ind2=" ">
      <subfield code="a">9706864237 (v.1)</subfield>
    </datafield>
    <datafield tag="020" ind1=" " ind2=" ">
      <subfield code="a">9706864253 (v.2)</subfield>
    </datafield>
    <datafield tag="040" ind1=" " ind2=" ">
      <subfield code="c">SIUNPA</subfield>
    </datafield>
    <datafield tag="041" ind1=" " ind2=" ">
      <subfield code="a">spa</subfield>
    </datafield>
    <datafield tag="044" ind1=" " ind2=" ">
      <subfield code="a">MX</subfield>
    </datafield>
    <datafield tag="080" ind1=" " ind2=" ">
      <subfield code="a">53 S492f6</subfield>
    </datafield>
    <datafield tag="100" ind1=" " ind2=" ">
      <subfield code="a">Serway, Raymond A..</subfield>
    </datafield>
    <datafield tag="700" ind1=" " ind2=" ">
      <subfield code="a">Jewett, John W..</subfield>
    </datafield>
    <datafield tag="245" ind1=" " ind2=" ">
      <subfield code="a">Física para ciencias e ingenierías</subfield>
      <subfield code="c"> / Romo, Jorge Humberto, tr. ; Sánchez García, Gabriel, tr. ; Garrido, Marcela Villegas, rev. técnica</subfield>
    </datafield>
    <datafield tag="250" ind1=" " ind2=" ">
      <subfield code="a">6a ed.</subfield>
    </datafield>
    <datafield tag="260" ind1=" " ind2=" ">
      <subfield code="a">México, D.F.</subfield>
      <subfield code="b"> : Thomson</subfield>
      <subfield code="c"> , 2005</subfield>
    </datafield>
    <datafield tag="650" ind1=" " ind2=" ">
      <subfield code="a"> FISICA  MECANICA</subfield>
    </datafield>
    <datafield tag="650" ind1=" " ind2=" ">
      <subfield code="a"> OSCILACIONES </subfield>
    </datafield>
    <datafield tag="650" ind1=" " ind2=" ">
      <subfield code="a"> TERMODINAMICA</subfield>
    </datafield>
    <datafield tag="650" ind1=" " ind2=" ">
      <subfield code="a"> INGENIERIA</subfield>
    </datafield>
    <datafield tag="650" ind1=" " ind2=" ">
      <subfield code="a"> OPTICA </subfield>
    </datafield>
    <datafield tag="650" ind1=" " ind2=" ">
      <subfield code="a"> ELECTRICIDAD</subfield>
    </datafield>
    <datafield tag="650" ind1=" " ind2=" ">
      <subfield code="a"> MAGNETISMO</subfield>
    </datafield>
    <datafield tag="942" ind1=" " ind2=" ">
      <subfield code="c">BK</subfield>
    </datafield>
    <datafield tag="952" ind1=" " ind2=" ">
      <subfield code="a">BIB_RECT</subfield>
      <subfield code="b">BIB_UACO</subfield>
      <subfield code="d">2009-03-04</subfield>
      <subfield code="y">BK</subfield>
      <subfield code="p">02-37216</subfield>
      <subfield code="i">02-37216</subfield>
      <subfield code="g">107</subfield>
      <subfield code="o">53 S492f6</subfield>
      <subfield code="e">Compra SIUNPA</subfield>
      <subfield code="8">CG</subfield>
    </datafield>
    <datafield tag="952" ind1=" " ind2=" ">
      <subfield code="a">BIB_RECT</subfield>
      <subfield code="b">BIB_UACO</subfield>
      <subfield code="d">2009-03-04</subfield>
      <subfield code="y">BK</subfield>
      <subfield code="p">02-37217</subfield>
      <subfield code="i">02-37217</subfield>
      <subfield code="g">107</subfield>
      <subfield code="o">53 S492f6</subfield>
      <subfield code="e">Compra SIUNPA</subfield>
      <subfield code="8">CG</subfield>
    </datafield>
    <datafield tag="952" ind1=" " ind2=" ">
      <subfield code="a">BIB_RECT</subfield>
      <subfield code="b">BIB_UARG</subfield>
      <subfield code="d">2007-03-12</subfield>
      <subfield code="y">BK</subfield>
      <subfield code="p">05-31532</subfield>
      <subfield code="i">05-31532</subfield>
      <subfield code="g">79</subfield>
      <subfield code="o">53 S492f6</subfield>
      <subfield code="e">SIUNPA</subfield>
      <subfield code="8">CG</subfield>
    </datafield>
    <datafield tag="952" ind1=" " ind2=" ">
      <subfield code="a">BIB_RECT</subfield>
      <subfield code="b">BIB_UARG</subfield>
      <subfield code="d">2007-03-12</subfield>
      <subfield code="y">BK</subfield>
      <subfield code="p">05-31533</subfield>
      <subfield code="i">05-31533</subfield>
      <subfield code="g">79</subfield>
      <subfield code="o">53 S492f6</subfield>
      <subfield code="e">SIUNPA</subfield>
      <subfield code="8">CG</subfield>
    </datafield>
    <datafield tag="952" ind1=" " ind2=" ">
      <subfield code="a">BIB_RECT</subfield>
      <subfield code="b">BIB_UARG</subfield>
      <subfield code="d">2007-03-12</subfield>
      <subfield code="y">BK</subfield>
      <subfield code="p">05-31534</subfield>
      <subfield code="i">05-31534</subfield>
      <subfield code="g">79</subfield>
      <subfield code="o">53 S492f6</subfield>
      <subfield code="e">SIUNPA</subfield>
      <subfield code="8">CG</subfield>
    </datafield>
    <datafield tag="952" ind1=" " ind2=" ">
      <subfield code="a">BIB_RECT</subfield>
      <subfield code="b">BIB_UARG</subfield>
      <subfield code="d">2007-03-12</subfield>
      <subfield code="y">BK</subfield>
      <subfield code="p">05-31535</subfield>
      <subfield code="i">05-31535</subfield>
      <subfield code="g">79</subfield>
      <subfield code="o">53 S492f6</subfield>
      <subfield code="e">SIUNPA</subfield>
      <subfield code="8">CG</subfield>
    </datafield>
    <datafield tag="952" ind1=" " ind2=" ">
      <subfield code="a">BIB_RECT</subfield>
      <subfield code="b">BIB_UARG</subfield>
      <subfield code="d">2007-03-12</subfield>
      <subfield code="y">BK</subfield>
      <subfield code="p">05-31536</subfield>
      <subfield code="i">05-31536</subfield>
      <subfield code="g">79</subfield>
      <subfield code="o">53 S492f6</subfield>
      <subfield code="e">SIUNPA</subfield>
      <subfield code="8">CG</subfield>
    </datafield>
    <datafield tag="952" ind1=" " ind2=" ">
      <subfield code="a">BIB_RECT</subfield>
      <subfield code="b">BIB_UARG</subfield>
      <subfield code="d">2007-03-12</subfield>
      <subfield code="y">BK</subfield>
      <subfield code="p">05-31537</subfield>
      <subfield code="i">05-31537</subfield>
      <subfield code="g">79</subfield>
      <subfield code="o">53 S492f6</subfield>
      <subfield code="e">SIUNPA</subfield>
      <subfield code="8">CG</subfield>
    </datafield>
    <datafield tag="952" ind1=" " ind2=" ">
      <subfield code="a">BIB_RECT</subfield>
      <subfield code="b">BIB_UARG</subfield>
      <subfield code="d">2007-03-12</subfield>
      <subfield code="y">BK</subfield>
      <subfield code="p">05-31538</subfield>
      <subfield code="i">05-31538</subfield>
      <subfield code="g">79</subfield>
      <subfield code="o">53 S492f6</subfield>
      <subfield code="e">SIUNPA</subfield>
      <subfield code="8">CG</subfield>
    </datafield>
    <datafield tag="952" ind1=" " ind2=" ">
      <subfield code="a">BIB_RECT</subfield>
      <subfield code="b">BIB_UARG</subfield>
      <subfield code="d">2007-03-12</subfield>
      <subfield code="y">BK</subfield>
      <subfield code="p">05-31539</subfield>
      <subfield code="i">05-31539</subfield>
      <subfield code="g">79</subfield>
      <subfield code="o">53 S492f6</subfield>
      <subfield code="e">SIUNPA</subfield>
      <subfield code="8">CG</subfield>
    </datafield>
    <datafield tag="952" ind1=" " ind2=" ">
      <subfield code="a">BIB_RECT</subfield>
      <subfield code="b">BIB_UARG</subfield>
      <subfield code="d">2007-11-27</subfield>
      <subfield code="y">BK</subfield>
      <subfield code="p">05-34100</subfield>
      <subfield code="i">05-34100</subfield>
      <subfield code="g">79</subfield>
      <subfield code="o">53 S492f6</subfield>
      <subfield code="e">SIUNPA</subfield>
      <subfield code="8">CG</subfield>
    </datafield>
    <datafield tag="952" ind1=" " ind2=" ">
      <subfield code="a">BIB_RECT</subfield>
      <subfield code="b">BIB_UARG</subfield>
      <subfield code="d">2007-11-27</subfield>
      <subfield code="y">BK</subfield>
      <subfield code="p">05-34101</subfield>
      <subfield code="i">05-34101</subfield>
      <subfield code="g">79</subfield>
      <subfield code="o">53 S492f6</subfield>
      <subfield code="e">SIUNPA</subfield>
      <subfield code="8">CG</subfield>
    </datafield>
    <datafield tag="952" ind1=" " ind2=" ">
      <subfield code="a">BIB_RECT</subfield>
      <subfield code="b">BIB_UARG</subfield>
      <subfield code="d">2007-11-27</subfield>
      <subfield code="y">BK</subfield>
      <subfield code="p">05-34102</subfield>
      <subfield code="i">05-34102</subfield>
      <subfield code="g">79</subfield>
      <subfield code="o">53 S492f6</subfield>
      <subfield code="e">SIUNPA</subfield>
      <subfield code="8">CG</subfield>
    </datafield>
    <datafield tag="952" ind1=" " ind2=" ">
      <subfield code="a">BIB_RECT</subfield>
      <subfield code="b">BIB_UARG</subfield>
      <subfield code="d">2007-11-27</subfield>
      <subfield code="y">BK</subfield>
      <subfield code="p">05-34103</subfield>
      <subfield code="i">05-34103</subfield>
      <subfield code="g">79</subfield>
      <subfield code="o">53 S492f6</subfield>
      <subfield code="e">SIUNPA</subfield>
      <subfield code="8">CG</subfield>
    </datafield>
    <datafield tag="952" ind1=" " ind2=" ">
      <subfield code="a">BIB_RECT</subfield>
      <subfield code="b">BIB_UARG</subfield>
      <subfield code="d">2007-11-26</subfield>
      <subfield code="y">BK</subfield>
      <subfield code="p">05-34104</subfield>
      <subfield code="i">05-34104</subfield>
      <subfield code="g">79</subfield>
      <subfield code="o">53 S492f6</subfield>
      <subfield code="e">SIUNPA</subfield>
      <subfield code="8">CG</subfield>
    </datafield>
  </record>