
  <record>
    <leader>01000aam  22002601a 4500</leader>
    <controlfield tag="001">YPZ19412</controlfield>
    <controlfield tag="003">YPZ</controlfield>
    <controlfield tag="005">200703161604290</controlfield>
    <controlfield tag="008">070316|###########||||||b||||||||||spa|d</controlfield>
    <datafield tag="020" ind1=" " ind2=" ">
      <subfield code="a">844151934X</subfield>
    </datafield>
    <datafield tag="040" ind1=" " ind2=" ">
      <subfield code="c">SIUNPA</subfield>
    </datafield>
    <datafield tag="041" ind1=" " ind2=" ">
      <subfield code="a">spa</subfield>
    </datafield>
    <datafield tag="044" ind1=" " ind2=" ">
      <subfield code="a">ES</subfield>
    </datafield>
    <datafield tag="080" ind1=" " ind2=" ">
      <subfield code="a">004.738.5 C957f</subfield>
    </datafield>
    <datafield tag="100" ind1=" " ind2=" ">
      <subfield code="a">Cruz Heras, Daniel de la.</subfield>
    </datafield>
    <datafield tag="700" ind1=" " ind2=" ">
      <subfield code="a">Zumbado Rodríguez, Carlos David.</subfield>
    </datafield>
    <datafield tag="245" ind1=" " ind2=" ">
      <subfield code="a">Flash, PHP y MySQL</subfield>
      <subfield code="b"> : contenidos dinámicos</subfield>
    </datafield>
    <datafield tag="260" ind1=" " ind2=" ">
      <subfield code="a">Madrid</subfield>
      <subfield code="b"> : Anaya Multimedia</subfield>
      <subfield code="c"> , 2006</subfield>
    </datafield>
    <datafield tag="300" ind1=" " ind2=" ">
      <subfield code="a">xii, 636 p. : </subfield>
      <subfield code="b">il. ; </subfield>
      <subfield code="a">xvi, 837 p. : </subfield>
      <subfield code="b">il. ; </subfield>
      <subfield code="a">xxxiv, 958 p. : </subfield>
      <subfield code="b">gráf., cuadros ; </subfield>
      <subfield code="a">432 p. : </subfield>
      <subfield code="b">il. ; </subfield>
      <subfield code="e">1 CD-ROM en bolsillo</subfield>
    </datafield>
    <datafield tag="650" ind1=" " ind2=" ">
      <subfield code="a"> PAGINA WEB</subfield>
    </datafield>
    <datafield tag="650" ind1=" " ind2=" ">
      <subfield code="a"> LENGUAJE MySQL</subfield>
    </datafield>
    <datafield tag="650" ind1=" " ind2=" ">
      <subfield code="a"> PHP</subfield>
    </datafield>
    <datafield tag="650" ind1=" " ind2=" ">
      <subfield code="a"> SERVIDORES WEB</subfield>
    </datafield>
    <datafield tag="650" ind1=" " ind2=" ">
      <subfield code="a"> PROGRAMACION WEB</subfield>
    </datafield>
    <datafield tag="942" ind1=" " ind2=" ">
      <subfield code="c">BK</subfield>
    </datafield>
    <datafield tag="952" ind1=" " ind2=" ">
      <subfield code="a">BIB_RECT</subfield>
      <subfield code="b">BIB_UART</subfield>
      <subfield code="d">2007-06-25</subfield>
      <subfield code="y">BK</subfield>
      <subfield code="p">03-32597</subfield>
      <subfield code="i">03-32597</subfield>
      <subfield code="g">122</subfield>
      <subfield code="o">004.738.5 C957f</subfield>
      <subfield code="e">SIUNPA</subfield>
      <subfield code="8">CG</subfield>
    </datafield>
    <datafield tag="952" ind1=" " ind2=" ">
      <subfield code="a">BIB_RECT</subfield>
      <subfield code="b">BIB_UART</subfield>
      <subfield code="d">2007-06-25</subfield>
      <subfield code="y">BK</subfield>
      <subfield code="p">03-32598</subfield>
      <subfield code="i">03-32598</subfield>
      <subfield code="g">122</subfield>
      <subfield code="o">004.738.5 C957f</subfield>
      <subfield code="e">SIUNPA</subfield>
      <subfield code="8">CG</subfield>
    </datafield>
    <datafield tag="952" ind1=" " ind2=" ">
      <subfield code="a">BIB_RECT</subfield>
      <subfield code="b">BIB_UART</subfield>
      <subfield code="d">2007-06-25</subfield>
      <subfield code="y">BK</subfield>
      <subfield code="p">03-32599</subfield>
      <subfield code="i">03-32599</subfield>
      <subfield code="g">122</subfield>
      <subfield code="o">004.738.5 C957f</subfield>
      <subfield code="e">SIUNPA</subfield>
      <subfield code="8">CG</subfield>
    </datafield>
    <datafield tag="952" ind1=" " ind2=" ">
      <subfield code="a">BIB_RECT</subfield>
      <subfield code="b">BIB_UARG</subfield>
      <subfield code="d">2007-03-12</subfield>
      <subfield code="y">BK</subfield>
      <subfield code="p">05-31509</subfield>
      <subfield code="i">05-31509</subfield>
      <subfield code="g">110</subfield>
      <subfield code="o">004.738.5 C957f</subfield>
      <subfield code="e">SIUNPA</subfield>
      <subfield code="8">CG</subfield>
    </datafield>
    <datafield tag="952" ind1=" " ind2=" ">
      <subfield code="a">BIB_RECT</subfield>
      <subfield code="b">BIB_UARG</subfield>
      <subfield code="d">2007-03-12</subfield>
      <subfield code="y">BK</subfield>
      <subfield code="p">05-31510</subfield>
      <subfield code="i">05-31510</subfield>
      <subfield code="g">110</subfield>
      <subfield code="o">004.738.5 C957f</subfield>
      <subfield code="e">SIUNPA</subfield>
      <subfield code="8">CG</subfield>
    </datafield>
  </record>