
  <record>
    <leader>01000aam  22002601a 4500</leader>
    <controlfield tag="001">YPZ19425</controlfield>
    <controlfield tag="003">YPZ</controlfield>
    <controlfield tag="005">200703191647590</controlfield>
    <controlfield tag="008">070319|###########||||||b||||||||||spa|d</controlfield>
    <datafield tag="020" ind1=" " ind2=" ">
      <subfield code="a">8483222876</subfield>
    </datafield>
    <datafield tag="020" ind1=" " ind2=" ">
      <subfield code="a">9788483222874</subfield>
    </datafield>
    <datafield tag="040" ind1=" " ind2=" ">
      <subfield code="c">SIUNPA</subfield>
    </datafield>
    <datafield tag="041" ind1=" " ind2=" ">
      <subfield code="a">spa</subfield>
    </datafield>
    <datafield tag="044" ind1=" " ind2=" ">
      <subfield code="a">ES</subfield>
    </datafield>
    <datafield tag="080" ind1=" " ind2=" ">
      <subfield code="a">004.7 F981f</subfield>
    </datafield>
    <datafield tag="245" ind1=" " ind2=" ">
      <subfield code="a">Fundamentos de redes inalámbricas</subfield>
      <subfield code="b"> : companion guide</subfield>
      <subfield code="c"> / Díaz, José Manuel, tr.</subfield>
    </datafield>
    <datafield tag="260" ind1=" " ind2=" ">
      <subfield code="a">Madrid</subfield>
      <subfield code="b"> : Pearson Educación</subfield>
      <subfield code="c"> , 2006</subfield>
    </datafield>
    <datafield tag="300" ind1=" " ind2=" ">
      <subfield code="a">xxi, 641 p. : </subfield>
      <subfield code="b">il. ; </subfield>
      <subfield code="a">xx, 678 p. : </subfield>
      <subfield code="b">il. ; </subfield>
      <subfield code="a">xv, 322 p. : </subfield>
      <subfield code="b">il. ; </subfield>
      <subfield code="a">1104 p. : </subfield>
      <subfield code="a">xxv, 291 p. : </subfield>
      <subfield code="b">il. ; </subfield>
      <subfield code="a">xxvii, 230 p. : </subfield>
      <subfield code="b">il. ; </subfield>
      <subfield code="a">225 p. : </subfield>
      <subfield code="b">il. ; </subfield>
      <subfield code="a">146 p. : </subfield>
      <subfield code="a">xvii, 503 p. : </subfield>
      <subfield code="b">il. ; </subfield>
      <subfield code="a">xiv, 286 p. : </subfield>
      <subfield code="b">il. ; </subfield>
      <subfield code="a">xxiv, 460 p. : </subfield>
      <subfield code="b">il. ; </subfield>
      <subfield code="a">xxi, 409 p. : </subfield>
      <subfield code="b">il. ; </subfield>
      <subfield code="a">xxix, 788 p. : </subfield>
      <subfield code="b">il. ; </subfield>
      <subfield code="e">1 CD-ROM en bolsillo</subfield>
    </datafield>
    <datafield tag="500" ind1=" " ind2=" ">
      <subfield code="a">Tít. de partida: Academia de Networking de Cisco Systems</subfield>
    </datafield>
    <datafield tag="505" ind1=" " ind2=" ">
      <subfield code="a">Contenido CD-ROM: soporta el material de la serie Academia de Networking de Cisco. Más de 300 simulaciones de preguntas de examen, fotografías de alta resolución de hardware inalámbrico, más de 40 actividades de demostración destinadas a mejorar la experiencia de aprendizaje</subfield>
    </datafield>
    <datafield tag="650" ind1=" " ind2=" ">
      <subfield code="a"> REDES INFORMATICAS</subfield>
    </datafield>
    <datafield tag="650" ind1=" " ind2=" ">
      <subfield code="a"> REDES INALAMBRICAS</subfield>
    </datafield>
    <datafield tag="650" ind1=" " ind2=" ">
      <subfield code="a"> REDES LOCALES</subfield>
    </datafield>
    <datafield tag="942" ind1=" " ind2=" ">
      <subfield code="c">BK</subfield>
    </datafield>
    <datafield tag="952" ind1=" " ind2=" ">
      <subfield code="a">BIB_RECT</subfield>
      <subfield code="b">BIB_UARG</subfield>
      <subfield code="d">2007-03-12</subfield>
      <subfield code="y">BK</subfield>
      <subfield code="p">05-31557</subfield>
      <subfield code="i">05-31557</subfield>
      <subfield code="g">105</subfield>
      <subfield code="o">004.7 F981f</subfield>
      <subfield code="e">SIUNPA</subfield>
      <subfield code="8">CG</subfield>
    </datafield>
  </record>