
  <record>
    <leader>01000aam  22002601a 4500</leader>
    <controlfield tag="001">YPZ19440</controlfield>
    <controlfield tag="003">YPZ</controlfield>
    <controlfield tag="005">200703211113400</controlfield>
    <controlfield tag="008">070321|###########||||||b||||||||||spa|d</controlfield>
    <datafield tag="020" ind1=" " ind2=" ">
      <subfield code="a">8420544620</subfield>
    </datafield>
    <datafield tag="040" ind1=" " ind2=" ">
      <subfield code="c">SIUNPA</subfield>
    </datafield>
    <datafield tag="041" ind1=" " ind2=" ">
      <subfield code="a">spa</subfield>
    </datafield>
    <datafield tag="044" ind1=" " ind2=" ">
      <subfield code="a">ES</subfield>
    </datafield>
    <datafield tag="080" ind1=" " ind2=" ">
      <subfield code="a">004.451 S782s5</subfield>
    </datafield>
    <datafield tag="100" ind1=" " ind2=" ">
      <subfield code="a">Stallings, William.</subfield>
    </datafield>
    <datafield tag="245" ind1=" " ind2=" ">
      <subfield code="a">Sistemas operativos</subfield>
      <subfield code="b"> : aspectos internos y principios de diseño. Quinta edición</subfield>
      <subfield code="c"> / Peña Sánchez, José María, tr. y rev. técnica ; Pérez Costoya, Fernando, tr. y rev. técnica ; Pérez Hernández, María de los Santos, tr. y rev. técnica ; Robles Forcada, Víctor, tr. y rev. técnica ; Rosales García, Francisco Javier, tr. y rev. técnica</subfield>
    </datafield>
    <datafield tag="250" ind1=" " ind2=" ">
      <subfield code="a">1a ed.</subfield>
    </datafield>
    <datafield tag="260" ind1=" " ind2=" ">
      <subfield code="a">Madrid</subfield>
      <subfield code="b"> : Pearson Educación</subfield>
      <subfield code="c"> , 2005</subfield>
    </datafield>
    <datafield tag="650" ind1=" " ind2=" ">
      <subfield code="a"> SISTEMAS OPERATIVOS</subfield>
    </datafield>
    <datafield tag="650" ind1=" " ind2=" ">
      <subfield code="a"> ARQUITECTURA DE COMPUTADORAS</subfield>
    </datafield>
    <datafield tag="650" ind1=" " ind2=" ">
      <subfield code="a"> DISEÑO DE SISTEMAS</subfield>
    </datafield>
    <datafield tag="942" ind1=" " ind2=" ">
      <subfield code="c">BK</subfield>
    </datafield>
    <datafield tag="952" ind1=" " ind2=" ">
      <subfield code="a">BIB_RECT</subfield>
      <subfield code="b">BIB_UACO</subfield>
      <subfield code="d">2007-05-10</subfield>
      <subfield code="y">BK</subfield>
      <subfield code="p">02-31989</subfield>
      <subfield code="i">02-31989</subfield>
      <subfield code="g">79</subfield>
      <subfield code="o">004.451 S782s5</subfield>
      <subfield code="e">SIUNPA</subfield>
      <subfield code="8">CG</subfield>
    </datafield>
    <datafield tag="952" ind1=" " ind2=" ">
      <subfield code="a">BIB_RECT</subfield>
      <subfield code="b">BIB_UACO</subfield>
      <subfield code="d">2007-05-10</subfield>
      <subfield code="y">BK</subfield>
      <subfield code="p">02-31990</subfield>
      <subfield code="i">02-31990</subfield>
      <subfield code="g">79</subfield>
      <subfield code="o">004.451 S782s5</subfield>
      <subfield code="e">SIUNPA</subfield>
      <subfield code="8">CG</subfield>
    </datafield>
    <datafield tag="952" ind1=" " ind2=" ">
      <subfield code="a">BIB_RECT</subfield>
      <subfield code="b">BIB_UART</subfield>
      <subfield code="d">2007-08-29</subfield>
      <subfield code="y">BK</subfield>
      <subfield code="p">03-33119</subfield>
      <subfield code="i">03-33119</subfield>
      <subfield code="g">79</subfield>
      <subfield code="o">004.451 S782s5</subfield>
      <subfield code="e">SIUNPA</subfield>
      <subfield code="8">CG</subfield>
    </datafield>
    <datafield tag="952" ind1=" " ind2=" ">
      <subfield code="a">BIB_RECT</subfield>
      <subfield code="b">BIB_UART</subfield>
      <subfield code="d">2007-08-29</subfield>
      <subfield code="y">BK</subfield>
      <subfield code="p">03-33120</subfield>
      <subfield code="i">03-33120</subfield>
      <subfield code="g">79</subfield>
      <subfield code="o">004.451 S782s5</subfield>
      <subfield code="e">SIUNPA</subfield>
      <subfield code="8">CG</subfield>
    </datafield>
    <datafield tag="952" ind1=" " ind2=" ">
      <subfield code="a">BIB_RECT</subfield>
      <subfield code="b">BIB_UART</subfield>
      <subfield code="d">2007-08-29</subfield>
      <subfield code="y">BK</subfield>
      <subfield code="p">03-33121</subfield>
      <subfield code="i">03-33121</subfield>
      <subfield code="g">79</subfield>
      <subfield code="o">004.451 S782s5</subfield>
      <subfield code="e">SIUNPA</subfield>
      <subfield code="8">CG</subfield>
    </datafield>
    <datafield tag="952" ind1=" " ind2=" ">
      <subfield code="a">BIB_RECT</subfield>
      <subfield code="b">BIB_UART</subfield>
      <subfield code="d">2007-08-29</subfield>
      <subfield code="y">BK</subfield>
      <subfield code="p">03-33122</subfield>
      <subfield code="i">03-33122</subfield>
      <subfield code="g">79</subfield>
      <subfield code="o">004.451 S782s5</subfield>
      <subfield code="e">SIUNPA</subfield>
      <subfield code="8">CG</subfield>
    </datafield>
    <datafield tag="952" ind1=" " ind2=" ">
      <subfield code="a">BIB_RECT</subfield>
      <subfield code="b">BIB_UART</subfield>
      <subfield code="d">2007-08-29</subfield>
      <subfield code="y">BK</subfield>
      <subfield code="p">03-33123</subfield>
      <subfield code="i">03-33123</subfield>
      <subfield code="g">79</subfield>
      <subfield code="o">004.451 S782s5</subfield>
      <subfield code="e">SIUNPA</subfield>
      <subfield code="8">CG</subfield>
    </datafield>
    <datafield tag="952" ind1=" " ind2=" ">
      <subfield code="a">BIB_RECT</subfield>
      <subfield code="b">BIB_UARG</subfield>
      <subfield code="d">2007-03-12</subfield>
      <subfield code="y">BK</subfield>
      <subfield code="p">05-31572</subfield>
      <subfield code="i">05-31572</subfield>
      <subfield code="g">79</subfield>
      <subfield code="o">004.451 S782s5</subfield>
      <subfield code="e">SIUNPA</subfield>
      <subfield code="8">CG</subfield>
    </datafield>
    <datafield tag="952" ind1=" " ind2=" ">
      <subfield code="a">BIB_RECT</subfield>
      <subfield code="b">BIB_UARG</subfield>
      <subfield code="d">2007-03-12</subfield>
      <subfield code="y">BK</subfield>
      <subfield code="p">05-31573</subfield>
      <subfield code="i">05-31573</subfield>
      <subfield code="g">79</subfield>
      <subfield code="o">004.451 S782s5</subfield>
      <subfield code="e">SIUNPA</subfield>
      <subfield code="8">CG</subfield>
    </datafield>
    <datafield tag="952" ind1=" " ind2=" ">
      <subfield code="a">BIB_RECT</subfield>
      <subfield code="b">BIB_UARG</subfield>
      <subfield code="d">2007-03-12</subfield>
      <subfield code="y">BK</subfield>
      <subfield code="p">05-31574</subfield>
      <subfield code="i">05-31574</subfield>
      <subfield code="g">79</subfield>
      <subfield code="o">004.451 S782s5</subfield>
      <subfield code="e">SIUNPA</subfield>
      <subfield code="8">CG</subfield>
    </datafield>
  </record>