
  <record>
    <leader>01000aam  22002601a 4500</leader>
    <controlfield tag="001">YPZ19452</controlfield>
    <controlfield tag="003">YPZ</controlfield>
    <controlfield tag="005">200703221548580</controlfield>
    <controlfield tag="008">070322|###########||||||b||||||||||spa|d</controlfield>
    <datafield tag="020" ind1=" " ind2=" ">
      <subfield code="a">8479786000</subfield>
    </datafield>
    <datafield tag="040" ind1=" " ind2=" ">
      <subfield code="c">SIUNPA</subfield>
    </datafield>
    <datafield tag="041" ind1=" " ind2=" ">
      <subfield code="a">spa</subfield>
    </datafield>
    <datafield tag="044" ind1=" " ind2=" ">
      <subfield code="a">ES</subfield>
    </datafield>
    <datafield tag="080" ind1=" " ind2=" ">
      <subfield code="a">613.99 M953m</subfield>
    </datafield>
    <datafield tag="245" ind1=" " ind2=" ">
      <subfield code="a">Mujer y salud</subfield>
      <subfield code="b"> : familia, trabajo y sociedad</subfield>
      <subfield code="c"> / Sánchez López, María del Pilar, dir. y coordinadora</subfield>
    </datafield>
    <datafield tag="260" ind1=" " ind2=" ">
      <subfield code="a">Madrid</subfield>
      <subfield code="b"> : Díaz de Santos</subfield>
      <subfield code="c"> , 2003</subfield>
    </datafield>
    <datafield tag="300" ind1=" " ind2=" ">
      <subfield code="a">xvi, 633 p. : </subfield>
      <subfield code="b">il. ; </subfield>
      <subfield code="a">xviii, 467 p. : </subfield>
      <subfield code="b">il. ; </subfield>
      <subfield code="a">x, 582 p. : </subfield>
      <subfield code="b">il. ; </subfield>
      <subfield code="a">235 p. : </subfield>
      <subfield code="b">il. ; </subfield>
      <subfield code="a">164 p. : </subfield>
      <subfield code="b">il. ; </subfield>
      <subfield code="a">549 p. : </subfield>
      <subfield code="b">il. ; </subfield>
      <subfield code="a">188 p. : </subfield>
      <subfield code="b">il. ; </subfield>
      <subfield code="a">145 p. : </subfield>
      <subfield code="a">xx, 848 p. : </subfield>
      <subfield code="b">il. ; </subfield>
      <subfield code="a">xxxiii, 832 p. : </subfield>
      <subfield code="b">il. ; </subfield>
      <subfield code="a">xxvii, [812] p. en varias paginaciones : </subfield>
      <subfield code="b">il. ; </subfield>
      <subfield code="a">xxiv, 1233 p. : </subfield>
      <subfield code="b">il. ; </subfield>
      <subfield code="a">xxviii, [860] p. en varias paginaciones : </subfield>
      <subfield code="b">il. ; </subfield>
      <subfield code="a">608 p. : </subfield>
      <subfield code="b">il. ; </subfield>
      <subfield code="a">255 p. : </subfield>
      <subfield code="b">il. ; </subfield>
      <subfield code="a">xxii, 299 p. : </subfield>
      <subfield code="a">1118 p. : </subfield>
      <subfield code="a">351 p. : </subfield>
      <subfield code="b">il. ; </subfield>
      <subfield code="a">xxv, 984 p. : </subfield>
      <subfield code="b">il. ; </subfield>
      <subfield code="a">xviii, 875 p. : </subfield>
      <subfield code="b">il. ; </subfield>
      <subfield code="a">xiii, 240 p. : </subfield>
      <subfield code="b">il. ; </subfield>
      <subfield code="e">1 CD-ROM en bolsillo</subfield>
    </datafield>
    <datafield tag="500" ind1=" " ind2=" ">
      <subfield code="a">Contenido del CD-ROM: Mujer y salud en Internet</subfield>
    </datafield>
    <datafield tag="650" ind1=" " ind2=" ">
      <subfield code="a"> SALUD</subfield>
    </datafield>
    <datafield tag="650" ind1=" " ind2=" ">
      <subfield code="a"> SALUD PUBLICA</subfield>
    </datafield>
    <datafield tag="650" ind1=" " ind2=" ">
      <subfield code="a"> MUJERES</subfield>
    </datafield>
    <datafield tag="650" ind1=" " ind2=" ">
      <subfield code="a"> ENFERMEDAD </subfield>
    </datafield>
    <datafield tag="650" ind1=" " ind2=" ">
      <subfield code="a"> POBREZA</subfield>
    </datafield>
    <datafield tag="650" ind1=" " ind2=" ">
      <subfield code="a"> EDUCACION SANITARIA</subfield>
    </datafield>
    <datafield tag="942" ind1=" " ind2=" ">
      <subfield code="c">BK</subfield>
    </datafield>
    <datafield tag="952" ind1=" " ind2=" ">
      <subfield code="a">BIB_RECT</subfield>
      <subfield code="b">BIB_UARG</subfield>
      <subfield code="d">2007-03-12</subfield>
      <subfield code="y">BK</subfield>
      <subfield code="p">05-31642</subfield>
      <subfield code="i">05-31642</subfield>
      <subfield code="g">38</subfield>
      <subfield code="o">613.99 M953m</subfield>
      <subfield code="e">SIUNPA</subfield>
      <subfield code="8">CG</subfield>
    </datafield>
    <datafield tag="952" ind1=" " ind2=" ">
      <subfield code="a">BIB_RECT</subfield>
      <subfield code="b">BIB_UARG</subfield>
      <subfield code="d">2010-05-10</subfield>
      <subfield code="y">BK</subfield>
      <subfield code="p">05-39411</subfield>
      <subfield code="i">05-39411</subfield>
      <subfield code="g">106</subfield>
      <subfield code="o">613.99 M953m</subfield>
      <subfield code="e">Compra UE/10</subfield>
      <subfield code="8">CG</subfield>
    </datafield>
  </record>