
  <record>
    <leader>01000aam  22002601a 4500</leader>
    <controlfield tag="001">YPZ19461</controlfield>
    <controlfield tag="003">YPZ</controlfield>
    <controlfield tag="005">200703221851340</controlfield>
    <controlfield tag="008">070322|###########||||||b||||||||||spa|d</controlfield>
    <datafield tag="020" ind1=" " ind2=" ">
      <subfield code="a">9500392410</subfield>
    </datafield>
    <datafield tag="040" ind1=" " ind2=" ">
      <subfield code="c">SIUNPA</subfield>
    </datafield>
    <datafield tag="041" ind1=" " ind2=" ">
      <subfield code="a">spa</subfield>
    </datafield>
    <datafield tag="044" ind1=" " ind2=" ">
      <subfield code="a">AR</subfield>
    </datafield>
    <datafield tag="080" ind1=" " ind2=" ">
      <subfield code="a">321.1 L814s</subfield>
    </datafield>
    <datafield tag="100" ind1=" " ind2=" ">
      <subfield code="a">Locke, John.</subfield>
    </datafield>
    <datafield tag="245" ind1=" " ind2=" ">
      <subfield code="a">Segundo ensayo sobre el gobierno civil</subfield>
      <subfield code="b"> : un ensayo sobre el verdadero origen, alcance y finalidad del gobierno civil</subfield>
      <subfield code="c"> / Piña, Cristina, tr. y notas</subfield>
    </datafield>
    <datafield tag="250" ind1=" " ind2=" ">
      <subfield code="a">1a ed.</subfield>
    </datafield>
    <datafield tag="260" ind1=" " ind2=" ">
      <subfield code="a">Buenos Aires</subfield>
      <subfield code="b"> : Losada</subfield>
      <subfield code="c"> , 2002</subfield>
    </datafield>
    <datafield tag="440" ind1=" " ind2=" ">
      <subfield code="a">Colección arena abierta</subfield>
      <subfield code="a">Colección ciencias del ambiente</subfield>
      <subfield code="a">Colección Thomson matemáticas</subfield>
      <subfield code="a">Temas. Comunicación</subfield>
      <subfield code="a">Colección hardware y redes</subfield>
      <subfield code="a">Biblioteca de obras maestras del pensamiento</subfield>
      <subfield code="v">9</subfield>
    </datafield>
    <datafield tag="490" ind1=" " ind2=" ">
      <subfield code="a">Colección arena abierta</subfield>
      <subfield code="a">Colección ciencias del ambiente</subfield>
      <subfield code="a">Colección Thomson matemáticas</subfield>
      <subfield code="a">Temas. Comunicación</subfield>
      <subfield code="a">Colección hardware y redes</subfield>
      <subfield code="a">Biblioteca de obras maestras del pensamiento</subfield>
      <subfield code="v">9</subfield>
    </datafield>
    <datafield tag="650" ind1=" " ind2=" ">
      <subfield code="a"> FORMAS DEL ESTADO</subfield>
    </datafield>
    <datafield tag="650" ind1=" " ind2=" ">
      <subfield code="a"> PODER POLITICO</subfield>
    </datafield>
    <datafield tag="942" ind1=" " ind2=" ">
      <subfield code="c">BK</subfield>
    </datafield>
    <datafield tag="952" ind1=" " ind2=" ">
      <subfield code="a">BIB_RECT</subfield>
      <subfield code="b">BIB_UARG</subfield>
      <subfield code="d">2007-03-12</subfield>
      <subfield code="y">BK</subfield>
      <subfield code="p">05-31612</subfield>
      <subfield code="i">05-31612</subfield>
      <subfield code="g">25</subfield>
      <subfield code="o">321.1 L814s</subfield>
      <subfield code="e">SIUNPA</subfield>
      <subfield code="8">CG</subfield>
    </datafield>
  </record>