
  <record>
    <leader>01000aam  22002601a 4500</leader>
    <controlfield tag="001">YPZ19480</controlfield>
    <controlfield tag="003">YPZ</controlfield>
    <controlfield tag="005">200703261731150</controlfield>
    <controlfield tag="008">070326|###########||||||b||||||||||spa|d</controlfield>
    <datafield tag="020" ind1=" " ind2=" ">
      <subfield code="a">9686708588</subfield>
    </datafield>
    <datafield tag="040" ind1=" " ind2=" ">
      <subfield code="c">SIUNPA</subfield>
    </datafield>
    <datafield tag="041" ind1=" " ind2=" ">
      <subfield code="a">spa</subfield>
    </datafield>
    <datafield tag="044" ind1=" " ind2=" ">
      <subfield code="a">MX</subfield>
    </datafield>
    <datafield tag="080" ind1=" " ind2=" ">
      <subfield code="a">372.851 D164b</subfield>
    </datafield>
    <datafield tag="100" ind1=" " ind2=" ">
      <subfield code="a">D'Amore, Bruno.</subfield>
    </datafield>
    <datafield tag="245" ind1=" " ind2=" ">
      <subfield code="a">Bases filosóficas, pedagógicas, epistemológicas y conceptuales de la didáctica de la matemática</subfield>
      <subfield code="c"> / Brousseau, Guy, pref. ; Cantoral, Ricardo, pref. ed. en español ; Fandiño Pinilla, Martha Isabel, tr.</subfield>
    </datafield>
    <datafield tag="260" ind1=" " ind2=" ">
      <subfield code="a">México, D.F.</subfield>
      <subfield code="b"> : Comité Latinoamericano de Matemática Educativa, CLAME</subfield>
      <subfield code="b"> : Reverté</subfield>
      <subfield code="c"> , 2005</subfield>
    </datafield>
    <datafield tag="650" ind1=" " ind2=" ">
      <subfield code="a"> ENSEÑANZA DE LAS MATEMATICAS</subfield>
    </datafield>
    <datafield tag="650" ind1=" " ind2=" ">
      <subfield code="a"> DIDACTICA</subfield>
    </datafield>
    <datafield tag="650" ind1=" " ind2=" ">
      <subfield code="a"> CONCEPTOS MATEMATICOS</subfield>
    </datafield>
    <datafield tag="650" ind1=" " ind2=" ">
      <subfield code="a"> METODOS DE ENSEÑANZA</subfield>
    </datafield>
    <datafield tag="942" ind1=" " ind2=" ">
      <subfield code="c">BK</subfield>
    </datafield>
    <datafield tag="952" ind1=" " ind2=" ">
      <subfield code="a">BIB_RECT</subfield>
      <subfield code="b">BIB_UART</subfield>
      <subfield code="d">2007-03-02</subfield>
      <subfield code="y">BK</subfield>
      <subfield code="p">03-31434</subfield>
      <subfield code="i">03-31434</subfield>
      <subfield code="g">57</subfield>
      <subfield code="o">372.851 D164b</subfield>
      <subfield code="e">UART</subfield>
      <subfield code="8">CG</subfield>
    </datafield>
    <datafield tag="952" ind1=" " ind2=" ">
      <subfield code="a">BIB_RECT</subfield>
      <subfield code="b">BIB_UARG</subfield>
      <subfield code="d">2007-08-17</subfield>
      <subfield code="y">BK</subfield>
      <subfield code="p">05-32904</subfield>
      <subfield code="i">05-32904</subfield>
      <subfield code="g">46</subfield>
      <subfield code="o">372.851 D164b</subfield>
      <subfield code="e">SIUNPA</subfield>
      <subfield code="8">CG</subfield>
    </datafield>
    <datafield tag="952" ind1=" " ind2=" ">
      <subfield code="a">BIB_RECT</subfield>
      <subfield code="b">BIB_UARG</subfield>
      <subfield code="d">2007-08-17</subfield>
      <subfield code="y">BK</subfield>
      <subfield code="p">05-32905</subfield>
      <subfield code="i">05-32905</subfield>
      <subfield code="g">46</subfield>
      <subfield code="o">372.851 D164b</subfield>
      <subfield code="e">SIUNPA</subfield>
      <subfield code="8">CG</subfield>
    </datafield>
    <datafield tag="952" ind1=" " ind2=" ">
      <subfield code="a">BIB_RECT</subfield>
      <subfield code="b">BIB_UARG</subfield>
      <subfield code="d">2007-08-17</subfield>
      <subfield code="y">BK</subfield>
      <subfield code="p">05-32906</subfield>
      <subfield code="i">05-32906</subfield>
      <subfield code="g">46</subfield>
      <subfield code="o">372.851 D164b</subfield>
      <subfield code="e">SIUNPA</subfield>
      <subfield code="8">CG</subfield>
    </datafield>
    <datafield tag="952" ind1=" " ind2=" ">
      <subfield code="a">BIB_RECT</subfield>
      <subfield code="b">BIB_UARG</subfield>
      <subfield code="d">2007-11-19</subfield>
      <subfield code="y">BK</subfield>
      <subfield code="p">05-33988</subfield>
      <subfield code="i">05-33988</subfield>
      <subfield code="g">46</subfield>
      <subfield code="o">372.851 D164b</subfield>
      <subfield code="e">SIUNPA</subfield>
      <subfield code="8">CG</subfield>
    </datafield>
    <datafield tag="952" ind1=" " ind2=" ">
      <subfield code="a">BIB_RECT</subfield>
      <subfield code="b">BIB_UARG</subfield>
      <subfield code="d">2007-11-19</subfield>
      <subfield code="y">BK</subfield>
      <subfield code="p">05-33989</subfield>
      <subfield code="i">05-33989</subfield>
      <subfield code="g">46</subfield>
      <subfield code="o">372.851 D164b</subfield>
      <subfield code="e">SIUNPA</subfield>
      <subfield code="8">CG</subfield>
    </datafield>
  </record>