
  <record>
    <leader>01000aam  22002601a 4500</leader>
    <controlfield tag="001">YPZ19520</controlfield>
    <controlfield tag="003">YPZ</controlfield>
    <controlfield tag="005">200704021458560</controlfield>
    <controlfield tag="008">070402|###########||||||b||||||||||spa|d</controlfield>
    <datafield tag="020" ind1=" " ind2=" ">
      <subfield code="a">9871046278</subfield>
    </datafield>
    <datafield tag="040" ind1=" " ind2=" ">
      <subfield code="c">SIUNPA</subfield>
    </datafield>
    <datafield tag="041" ind1=" " ind2=" ">
      <subfield code="a">spa</subfield>
    </datafield>
    <datafield tag="044" ind1=" " ind2=" ">
      <subfield code="a">AR</subfield>
    </datafield>
    <datafield tag="080" ind1=" " ind2=" ">
      <subfield code="a">62 B417h</subfield>
    </datafield>
    <datafield tag="100" ind1=" " ind2=" ">
      <subfield code="a">Belliard, Matías.</subfield>
    </datafield>
    <datafield tag="700" ind1=" " ind2=" ">
      <subfield code="a">García Fronti, Javier.</subfield>
    </datafield>
    <datafield tag="245" ind1=" " ind2=" ">
      <subfield code="a">Herramientas informáticas para ingenieros con Microsoft Excel y Microsoft Project</subfield>
      <subfield code="b"> : archivos preparados para la gestión del profesional en Ingeniería</subfield>
    </datafield>
    <datafield tag="260" ind1=" " ind2=" ">
      <subfield code="a">Buenos Aires</subfield>
      <subfield code="b"> : Omicron System</subfield>
      <subfield code="c"> , 2004</subfield>
    </datafield>
    <datafield tag="300" ind1=" " ind2=" ">
      <subfield code="a">xxvi, 826 p. : </subfield>
      <subfield code="b">il. ; </subfield>
      <subfield code="a">xvi, 297 p, : </subfield>
      <subfield code="b">il. ; </subfield>
      <subfield code="a">xvi, 586 p. : </subfield>
      <subfield code="b">il. ; </subfield>
      <subfield code="a">xx, 477 p. : </subfield>
      <subfield code="b">il. ; </subfield>
      <subfield code="a">366 p. : </subfield>
      <subfield code="b">il. ; </subfield>
      <subfield code="a">2 v. : </subfield>
      <subfield code="b">il. ; </subfield>
      <subfield code="a">xxxiii, 323 p. : </subfield>
      <subfield code="a">140 p. : </subfield>
      <subfield code="a">177 p. : </subfield>
      <subfield code="a">222 p. : </subfield>
      <subfield code="b">il. ; </subfield>
      <subfield code="a">308 p. : </subfield>
      <subfield code="a">247 p. : </subfield>
      <subfield code="a">xxiii, 602 p. : </subfield>
      <subfield code="b">il. ; </subfield>
      <subfield code="a">369 p. : </subfield>
      <subfield code="b">il. ; </subfield>
      <subfield code="a">xii, 282 p. : </subfield>
      <subfield code="b">il. ; </subfield>
      <subfield code="a">viii, 354 p. : </subfield>
      <subfield code="b">il. ; </subfield>
      <subfield code="a">107 p. : </subfield>
      <subfield code="a">1111 p. : </subfield>
      <subfield code="b">il. ; </subfield>
      <subfield code="a">117 p. : </subfield>
      <subfield code="b">il. ; </subfield>
      <subfield code="a">308 p. : </subfield>
      <subfield code="b">il. ; </subfield>
      <subfield code="a">123 p. : </subfield>
      <subfield code="b">il. ; </subfield>
      <subfield code="a">477 p. : </subfield>
      <subfield code="b">il. ; </subfield>
      <subfield code="a">196 p. : </subfield>
      <subfield code="b">il. ; </subfield>
      <subfield code="a">378 p. : </subfield>
      <subfield code="b">il. ; </subfield>
      <subfield code="a">xxii, 221 p. : </subfield>
      <subfield code="b">il. ; </subfield>
      <subfield code="a">283 p. : </subfield>
      <subfield code="a">xxii, 778 p. : </subfield>
      <subfield code="b">il. ; </subfield>
      <subfield code="a">xxiii, 83 p. : </subfield>
      <subfield code="a">711 p. : </subfield>
      <subfield code="b">cuadros ; </subfield>
      <subfield code="a">361 p. : </subfield>
      <subfield code="b">il. ; </subfield>
      <subfield code="a">126 p. : </subfield>
      <subfield code="b">il. ; </subfield>
      <subfield code="a">114 p. : </subfield>
      <subfield code="a">267 p. : </subfield>
      <subfield code="b">il. ; </subfield>
      <subfield code="a">303 p. : </subfield>
      <subfield code="a">184 p. : </subfield>
      <subfield code="b">il. ; </subfield>
      <subfield code="a">165 p. : </subfield>
      <subfield code="a">274 p. : </subfield>
      <subfield code="a">xv, 238 p. : </subfield>
      <subfield code="b">il. ; </subfield>
      <subfield code="a">415 p. : </subfield>
      <subfield code="a">801 p. : </subfield>
      <subfield code="a">189 p. : </subfield>
      <subfield code="a">261 p. : </subfield>
      <subfield code="a">261 p. : </subfield>
      <subfield code="b">il. ; </subfield>
      <subfield code="a">127 p. : </subfield>
      <subfield code="b">il. ; </subfield>
      <subfield code="a">439 p. : </subfield>
      <subfield code="b">il. ; </subfield>
      <subfield code="a">xx, [734] p. en varias paginaciones : </subfield>
      <subfield code="a">xv, 349 p. : </subfield>
      <subfield code="a">343 p. : </subfield>
      <subfield code="b">il. ; </subfield>
      <subfield code="a">870 p. : </subfield>
      <subfield code="b">il. ; </subfield>
      <subfield code="a">xxiv, 966 p. : </subfield>
      <subfield code="b">il. ; </subfield>
      <subfield code="a">573 p. : </subfield>
      <subfield code="b">il. ; </subfield>
      <subfield code="a">xvi, 516 p. : </subfield>
      <subfield code="b">il. ; </subfield>
      <subfield code="a">xvi, 693 p. : </subfield>
      <subfield code="b">il. ; </subfield>
      <subfield code="a">xiii, 506 p. : </subfield>
      <subfield code="b">il. ; </subfield>
      <subfield code="a">xvi, 466 p. : </subfield>
      <subfield code="b">il. ; </subfield>
      <subfield code="a">xvi, 208 p. : </subfield>
      <subfield code="b">il. ; </subfield>
      <subfield code="a">151 p. : </subfield>
      <subfield code="b">il. ; </subfield>
      <subfield code="a">135 p. : </subfield>
      <subfield code="b">il. ; </subfield>
      <subfield code="a">542 p. : </subfield>
      <subfield code="b">il. ; </subfield>
      <subfield code="a">252 p. : </subfield>
      <subfield code="b">il. ; </subfield>
      <subfield code="a">115 p. : </subfield>
      <subfield code="b">il. ; </subfield>
      <subfield code="a">252 p. : </subfield>
      <subfield code="a">116 p. : </subfield>
      <subfield code="b">il. ; </subfield>
      <subfield code="a">118 p. : </subfield>
      <subfield code="a">109 p. : </subfield>
      <subfield code="b">il. ; </subfield>
      <subfield code="a">581 p. : </subfield>
      <subfield code="b">il. ; </subfield>
      <subfield code="a">252 p. : </subfield>
      <subfield code="b">il. ; </subfield>
      <subfield code="e">1 CD-ROM</subfield>
    </datafield>
    <datafield tag="505" ind1=" " ind2=" ">
      <subfield code="a">Contenido del CD-ROM: Plantillas listas para usar</subfield>
    </datafield>
    <datafield tag="650" ind1=" " ind2=" ">
      <subfield code="a"> INGENIERIA</subfield>
    </datafield>
    <datafield tag="650" ind1=" " ind2=" ">
      <subfield code="a"> PLANILLAS DE CALCULO</subfield>
    </datafield>
    <datafield tag="650" ind1=" " ind2=" ">
      <subfield code="a"> INFORMATICA APLICADA</subfield>
    </datafield>
    <datafield tag="650" ind1=" " ind2=" ">
      <subfield code="a"> DISEÑO DE PROYECTOS</subfield>
    </datafield>
    <datafield tag="942" ind1=" " ind2=" ">
      <subfield code="c">BK</subfield>
    </datafield>
    <datafield tag="952" ind1=" " ind2=" ">
      <subfield code="a">BIB_RECT</subfield>
      <subfield code="b">BIB_UART</subfield>
      <subfield code="d">2007-03-02</subfield>
      <subfield code="y">BK</subfield>
      <subfield code="p">03-31437</subfield>
      <subfield code="i">03-31437</subfield>
      <subfield code="g">36</subfield>
      <subfield code="o">62 B417h</subfield>
      <subfield code="e">UART</subfield>
      <subfield code="8">CG</subfield>
    </datafield>
  </record>