
  <record>
    <leader>01000aam  22002601a 4500</leader>
    <controlfield tag="001">YPZ19527</controlfield>
    <controlfield tag="003">YPZ</controlfield>
    <controlfield tag="005">200704031531310</controlfield>
    <controlfield tag="008">070403|###########||||||b||||||||||spa|d</controlfield>
    <datafield tag="040" ind1=" " ind2=" ">
      <subfield code="c">SIUNPA</subfield>
    </datafield>
    <datafield tag="041" ind1=" " ind2=" ">
      <subfield code="a">spa</subfield>
    </datafield>
    <datafield tag="044" ind1=" " ind2=" ">
      <subfield code="a">AR</subfield>
    </datafield>
    <datafield tag="080" ind1=" " ind2=" ">
      <subfield code="a">372.862 S471c</subfield>
    </datafield>
    <datafield tag="100" ind1=" " ind2=" ">
      <subfield code="a">Campaner, Gertrudis.</subfield>
    </datafield>
    <datafield tag="700" ind1=" " ind2=" ">
      <subfield code="a">Debandi, Carlos.</subfield>
    </datafield>
    <datafield tag="700" ind1=" " ind2=" ">
      <subfield code="a">Dovis, Sebastián.</subfield>
    </datafield>
    <datafield tag="700" ind1=" " ind2=" ">
      <subfield code="a">Drudi, Susana.</subfield>
    </datafield>
    <datafield tag="700" ind1=" " ind2=" ">
      <subfield code="a">Durán, Gabriela.</subfield>
    </datafield>
    <datafield tag="700" ind1=" " ind2=" ">
      <subfield code="a">Ferreras, Miguel Ángel.</subfield>
    </datafield>
    <datafield tag="700" ind1=" " ind2=" ">
      <subfield code="a">Gay, Aquiles.</subfield>
    </datafield>
    <datafield tag="700" ind1=" " ind2=" ">
      <subfield code="a">Passini, Hugo Fedérico.</subfield>
    </datafield>
    <datafield tag="110" ind1=" " ind2=" ">
      <subfield code="a">Seminario-Taller Latinoamericano La Ciencia y la Tecnología en la Vida Cotidiana (2006 : Córdoba, Argentina).</subfield>
    </datafield>
    <datafield tag="245" ind1=" " ind2=" ">
      <subfield code="a">La ciencia y la tecnología en la vida cotidiana</subfield>
    </datafield>
    <datafield tag="260" ind1=" " ind2=" ">
      <subfield code="a">Córdoba</subfield>
      <subfield code="b"> : Ediciones tec</subfield>
      <subfield code="c"> , 2006</subfield>
    </datafield>
    <datafield tag="650" ind1=" " ind2=" ">
      <subfield code="a"> EDUCACION TECNOLOGICA  ENSEÑANZA TECNICA</subfield>
    </datafield>
    <datafield tag="650" ind1=" " ind2=" ">
      <subfield code="a"> ENSEÑANZA DE LA CIENCIA</subfield>
    </datafield>
    <datafield tag="650" ind1=" " ind2=" ">
      <subfield code="a"> DESARROLLO TECNOLOGICO</subfield>
    </datafield>
    <datafield tag="650" ind1=" " ind2=" ">
      <subfield code="a"> CAMBIO TECNOLOGICO</subfield>
    </datafield>
    <datafield tag="942" ind1=" " ind2=" ">
      <subfield code="c">BK</subfield>
    </datafield>
    <datafield tag="952" ind1=" " ind2=" ">
      <subfield code="a">BIB_RECT</subfield>
      <subfield code="b">BIB_UART</subfield>
      <subfield code="d">2007-03-02</subfield>
      <subfield code="y">BK</subfield>
      <subfield code="p">03-31397</subfield>
      <subfield code="i">03-31397</subfield>
      <subfield code="g">16</subfield>
      <subfield code="o">372.862 S471c</subfield>
      <subfield code="e">UART</subfield>
      <subfield code="8">CG</subfield>
    </datafield>
    <datafield tag="952" ind1=" " ind2=" ">
      <subfield code="a">BIB_RECT</subfield>
      <subfield code="b">BIB_UASJ</subfield>
      <subfield code="d">2007-09-11</subfield>
      <subfield code="y">BK</subfield>
      <subfield code="p">04-33318</subfield>
      <subfield code="i">04-33318</subfield>
      <subfield code="g">18</subfield>
      <subfield code="o">372.862 S471c</subfield>
      <subfield code="e">Donación</subfield>
      <subfield code="8">CG</subfield>
    </datafield>
  </record>