
  <record>
    <leader>01000aam  22002601a 4500</leader>
    <controlfield tag="001">YPZ19552</controlfield>
    <controlfield tag="003">YPZ</controlfield>
    <controlfield tag="005">200704041917460</controlfield>
    <controlfield tag="008">070404|###########||||||b||||||||||spa|d</controlfield>
    <datafield tag="020" ind1=" " ind2=" ">
      <subfield code="a">9505341504</subfield>
    </datafield>
    <datafield tag="040" ind1=" " ind2=" ">
      <subfield code="c">SIUNPA</subfield>
    </datafield>
    <datafield tag="041" ind1=" " ind2=" ">
      <subfield code="a">spa</subfield>
    </datafield>
    <datafield tag="044" ind1=" " ind2=" ">
      <subfield code="a">AR</subfield>
    </datafield>
    <datafield tag="080" ind1=" " ind2=" ">
      <subfield code="a">343 A691c21</subfield>
    </datafield>
    <datafield tag="110" ind1=" " ind2=" ">
      <subfield code="a">Argentina. Leyes, etc..</subfield>
    </datafield>
    <datafield tag="245" ind1=" " ind2=" ">
      <subfield code="a">Código penal</subfield>
    </datafield>
    <datafield tag="250" ind1=" " ind2=" ">
      <subfield code="a">21a. ed</subfield>
    </datafield>
    <datafield tag="260" ind1=" " ind2=" ">
      <subfield code="a">Buenos Aires</subfield>
      <subfield code="b"> : A-Z Editora</subfield>
      <subfield code="c"> , 1995</subfield>
    </datafield>
    <datafield tag="500" ind1=" " ind2=" ">
      <subfield code="a">Otro subt.: Texto ordenado en 1984 (...)</subfield>
    </datafield>
    <datafield tag="650" ind1=" " ind2=" ">
      <subfield code="a"> DERECHO PENAL</subfield>
    </datafield>
    <datafield tag="650" ind1=" " ind2=" ">
      <subfield code="a"> ARGENTINA</subfield>
    </datafield>
    <datafield tag="942" ind1=" " ind2=" ">
      <subfield code="c">BK</subfield>
    </datafield>
    <datafield tag="952" ind1=" " ind2=" ">
      <subfield code="a">BIB_RECT</subfield>
      <subfield code="b">BIB_UACO</subfield>
      <subfield code="d">2007-04-04</subfield>
      <subfield code="y">BK</subfield>
      <subfield code="p">02-03670</subfield>
      <subfield code="i">02-03670</subfield>
      <subfield code="g">35</subfield>
      <subfield code="o">343 A691c21</subfield>
      <subfield code="e">Donación CEUNICO</subfield>
      <subfield code="8">CG</subfield>
    </datafield>
    <datafield tag="952" ind1=" " ind2=" ">
      <subfield code="a">BIB_RECT</subfield>
      <subfield code="b">BIB_UACO</subfield>
      <subfield code="d">2007-04-04</subfield>
      <subfield code="y">BK</subfield>
      <subfield code="p">02-03671</subfield>
      <subfield code="i">02-03671</subfield>
      <subfield code="g">35</subfield>
      <subfield code="o">343 A691c21</subfield>
      <subfield code="e">Donación CEUNICO</subfield>
      <subfield code="8">CG</subfield>
    </datafield>
    <datafield tag="952" ind1=" " ind2=" ">
      <subfield code="a">BIB_RECT</subfield>
      <subfield code="b">BIB_UACO</subfield>
      <subfield code="d">2007-04-04</subfield>
      <subfield code="y">BK</subfield>
      <subfield code="p">02-03672</subfield>
      <subfield code="i">02-03672</subfield>
      <subfield code="g">35</subfield>
      <subfield code="o">343 A691c21</subfield>
      <subfield code="e">Donación CEUNICO</subfield>
      <subfield code="8">CG</subfield>
    </datafield>
  </record>