
  <record>
    <leader>01000aam  22002601a 4500</leader>
    <controlfield tag="001">YPZ19562</controlfield>
    <controlfield tag="003">YPZ</controlfield>
    <controlfield tag="005">200704051726360</controlfield>
    <controlfield tag="008">070405|###########||||||b||||||||||spa|d</controlfield>
    <datafield tag="020" ind1=" " ind2=" ">
      <subfield code="a">8448116089 (v.1)</subfield>
    </datafield>
    <datafield tag="020" ind1=" " ind2=" ">
      <subfield code="a">8448102894 (v.2)</subfield>
    </datafield>
    <datafield tag="020" ind1=" " ind2=" ">
      <subfield code="a">8448102908 (o.c.)</subfield>
    </datafield>
    <datafield tag="020" ind1=" " ind2=" ">
      <subfield code="a"/>
    </datafield>
    <datafield tag="040" ind1=" " ind2=" ">
      <subfield code="c">SIUNPA</subfield>
    </datafield>
    <datafield tag="041" ind1=" " ind2=" ">
      <subfield code="a">spa</subfield>
    </datafield>
    <datafield tag="044" ind1=" " ind2=" ">
      <subfield code="a">ES</subfield>
    </datafield>
    <datafield tag="080" ind1=" " ind2=" ">
      <subfield code="a">004.9 L864a 13</subfield>
    </datafield>
    <datafield tag="100" ind1=" " ind2=" ">
      <subfield code="a">López Fernández, Javier.</subfield>
    </datafield>
    <datafield tag="700" ind1=" " ind2=" ">
      <subfield code="a">Tajadura Zapirain, José Antonio.</subfield>
    </datafield>
    <datafield tag="245" ind1=" " ind2=" ">
      <subfield code="a">AutoCAD avanzado versión 13 para Windows y MS-DOS</subfield>
    </datafield>
    <datafield tag="250" ind1=" " ind2=" ">
      <subfield code="a">1a ed.</subfield>
    </datafield>
    <datafield tag="260" ind1=" " ind2=" ">
      <subfield code="a">Madrid</subfield>
      <subfield code="b"> : McGraw-Hill/Interamericana de España</subfield>
      <subfield code="c"> , 1996-1997</subfield>
    </datafield>
    <datafield tag="300" ind1=" " ind2=" ">
      <subfield code="a">279 p. : </subfield>
      <subfield code="b">il. ; </subfield>
      <subfield code="a">58 p. : </subfield>
      <subfield code="b">il. ; </subfield>
      <subfield code="a">198 p. : </subfield>
      <subfield code="a">190 p. : </subfield>
      <subfield code="a">302 p. : </subfield>
      <subfield code="b">il. ; </subfield>
      <subfield code="a">143 p. : </subfield>
      <subfield code="b">il. ; </subfield>
      <subfield code="a">271 p. : </subfield>
      <subfield code="a">xv, 365 p. : </subfield>
      <subfield code="b">il. ; </subfield>
      <subfield code="a">24 h. : </subfield>
      <subfield code="a">[123] p. en varias paginaciones : </subfield>
      <subfield code="a">206 p. : </subfield>
      <subfield code="a">91 p. : </subfield>
      <subfield code="a">156 p. : </subfield>
      <subfield code="b">cuadros ; </subfield>
      <subfield code="a">xii, 341 p. : </subfield>
      <subfield code="b">cuadros ; </subfield>
      <subfield code="a">339 p. : </subfield>
      <subfield code="a">187 p. : </subfield>
      <subfield code="a">56 p. : </subfield>
      <subfield code="a">331 p. : </subfield>
      <subfield code="a">138 p. : </subfield>
      <subfield code="a">viii, 750, [20] p. : </subfield>
      <subfield code="b">il. ; </subfield>
      <subfield code="a">xxii, 735 p. : </subfield>
      <subfield code="b">il. ; </subfield>
      <subfield code="a">xvi, 793 p. : </subfield>
      <subfield code="b">il. ; </subfield>
      <subfield code="a">455 p. : </subfield>
      <subfield code="b">cuadros ; </subfield>
      <subfield code="a">168 p. : </subfield>
      <subfield code="a">314 p. : </subfield>
      <subfield code="b">il. ; </subfield>
      <subfield code="a">2 v. : </subfield>
      <subfield code="b">il. ; </subfield>
      <subfield code="e">1 diskette en bolsillo</subfield>
    </datafield>
    <datafield tag="650" ind1=" " ind2=" ">
      <subfield code="a"> DISEÑO ASISTIDO POR COMPUTADORA</subfield>
    </datafield>
    <datafield tag="650" ind1=" " ind2=" ">
      <subfield code="a"> AUTOCAD</subfield>
    </datafield>
    <datafield tag="942" ind1=" " ind2=" ">
      <subfield code="c">BK</subfield>
    </datafield>
    <datafield tag="952" ind1=" " ind2=" ">
      <subfield code="a">BIB_RECT</subfield>
      <subfield code="b">BIB_UACO</subfield>
      <subfield code="d">2007-04-05</subfield>
      <subfield code="y">BK</subfield>
      <subfield code="p">02-07326</subfield>
      <subfield code="i">02-07326</subfield>
      <subfield code="g">100</subfield>
      <subfield code="o">004.9 L864a 13</subfield>
      <subfield code="e">FOMEC585</subfield>
      <subfield code="8">CG</subfield>
    </datafield>
    <datafield tag="952" ind1=" " ind2=" ">
      <subfield code="a">BIB_RECT</subfield>
      <subfield code="b">BIB_UACO</subfield>
      <subfield code="d">2007-04-05</subfield>
      <subfield code="y">BK</subfield>
      <subfield code="p">02-07327</subfield>
      <subfield code="i">02-07327</subfield>
      <subfield code="g">100</subfield>
      <subfield code="o">004.9 L864a 13</subfield>
      <subfield code="e">FOMEC585</subfield>
      <subfield code="8">CG</subfield>
    </datafield>
  </record>