
  <record>
    <leader>01000aam  22002601a 4500</leader>
    <controlfield tag="001">YPZ19563</controlfield>
    <controlfield tag="003">YPZ</controlfield>
    <controlfield tag="005">200704051738530</controlfield>
    <controlfield tag="008">070405|###########||||||b||||||||||spa|d</controlfield>
    <datafield tag="020" ind1=" " ind2=" ">
      <subfield code="a">8477740615</subfield>
    </datafield>
    <datafield tag="040" ind1=" " ind2=" ">
      <subfield code="c">SIUNPA</subfield>
    </datafield>
    <datafield tag="041" ind1=" " ind2=" ">
      <subfield code="a">spa</subfield>
    </datafield>
    <datafield tag="044" ind1=" " ind2=" ">
      <subfield code="a">ES</subfield>
    </datafield>
    <datafield tag="080" ind1=" " ind2=" ">
      <subfield code="a">37.014 F365j</subfield>
    </datafield>
    <datafield tag="100" ind1=" " ind2=" ">
      <subfield code="a">Fernández Enguita, Mariano.</subfield>
    </datafield>
    <datafield tag="245" ind1=" " ind2=" ">
      <subfield code="a">Juntos pero no revueltos</subfield>
      <subfield code="b"> : ensayos en torno a la reforma de la educación</subfield>
    </datafield>
    <datafield tag="260" ind1=" " ind2=" ">
      <subfield code="a">Madrid</subfield>
      <subfield code="b"> : Visor</subfield>
      <subfield code="c"> , 1990</subfield>
    </datafield>
    <datafield tag="440" ind1=" " ind2=" ">
      <subfield code="a">Textos legales Astrea</subfield>
      <subfield code="a">Vicens universidad</subfield>
      <subfield code="a">Biblioteca de economía política</subfield>
      <subfield code="a">Transversal</subfield>
      <subfield code="a">Nueva criminología y derecho</subfield>
      <subfield code="a">Colección aprendizaje</subfield>
      <subfield code="v">41</subfield>
    </datafield>
    <datafield tag="490" ind1=" " ind2=" ">
      <subfield code="a">Textos legales Astrea</subfield>
      <subfield code="a">Vicens universidad</subfield>
      <subfield code="a">Biblioteca de economía política</subfield>
      <subfield code="a">Transversal</subfield>
      <subfield code="a">Nueva criminología y derecho</subfield>
      <subfield code="a">Colección aprendizaje</subfield>
      <subfield code="v">41</subfield>
    </datafield>
    <datafield tag="650" ind1=" " ind2=" ">
      <subfield code="a"> REFORMA DE LA EDUCACION</subfield>
    </datafield>
    <datafield tag="650" ind1=" " ind2=" ">
      <subfield code="a"> EDUCACION Y TRABAJO</subfield>
    </datafield>
    <datafield tag="942" ind1=" " ind2=" ">
      <subfield code="c">BK</subfield>
    </datafield>
    <datafield tag="952" ind1=" " ind2=" ">
      <subfield code="a">BIB_RECT</subfield>
      <subfield code="b">BIB_UACO</subfield>
      <subfield code="d">2007-04-05</subfield>
      <subfield code="y">BK</subfield>
      <subfield code="p">02-06924</subfield>
      <subfield code="i">02-06924</subfield>
      <subfield code="g">35</subfield>
      <subfield code="o">37.014 F365j</subfield>
      <subfield code="e">Acuerdo CU</subfield>
      <subfield code="8">CG</subfield>
    </datafield>
  </record>