
  <record>
    <leader>01000aam  22002601a 4500</leader>
    <controlfield tag="001">YPZ19592</controlfield>
    <controlfield tag="003">YPZ</controlfield>
    <controlfield tag="005">200704111853010</controlfield>
    <controlfield tag="008">070411|###########||||||b||||||||||spa|d</controlfield>
    <datafield tag="040" ind1=" " ind2=" ">
      <subfield code="c">SIUNPA</subfield>
    </datafield>
    <datafield tag="041" ind1=" " ind2=" ">
      <subfield code="a">spa</subfield>
    </datafield>
    <datafield tag="044" ind1=" " ind2=" ">
      <subfield code="a">AR</subfield>
    </datafield>
    <datafield tag="080" ind1=" " ind2=" ">
      <subfield code="a">378.4 L773l</subfield>
    </datafield>
    <datafield tag="110" ind1=" " ind2=" ">
      <subfield code="a">Seminario Preparatorio del Segundo Encuentro la Universidad como Objeto de Investigación (1996 : Buenos Aires).</subfield>
    </datafield>
    <datafield tag="245" ind1=" " ind2=" ">
      <subfield code="a">Listado de bibliografía del seminario preparatorio del Segundo Encuentro Nacional la universidad como objeto de investigación</subfield>
      <subfield code="b"> : (ciclo lectivo 1996)</subfield>
      <subfield code="c"> / Pichl, Patricia Viviana, material adquirido por</subfield>
    </datafield>
    <datafield tag="260" ind1=" " ind2=" ">
      <subfield code="a">Puerto San Julián</subfield>
      <subfield code="c"> , 1996</subfield>
    </datafield>
    <datafield tag="500" ind1=" " ind2=" ">
      <subfield code="a">Material bibliográfico parcial del Seminario</subfield>
    </datafield>
    <datafield tag="650" ind1=" " ind2=" ">
      <subfield code="a"> EDUCACION SUPERIOR</subfield>
    </datafield>
    <datafield tag="650" ind1=" " ind2=" ">
      <subfield code="a"> POLITICAS DE EDUCACION</subfield>
    </datafield>
    <datafield tag="650" ind1=" " ind2=" ">
      <subfield code="a"> ESTADO Y EDUCACION</subfield>
    </datafield>
    <datafield tag="650" ind1=" " ind2=" ">
      <subfield code="a"> EDUCACION Y EMPLEO</subfield>
    </datafield>
    <datafield tag="942" ind1=" " ind2=" ">
      <subfield code="c">BK</subfield>
    </datafield>
    <datafield tag="952" ind1=" " ind2=" ">
      <subfield code="a">BIB_RECT</subfield>
      <subfield code="b">BIB_UASJ</subfield>
      <subfield code="d">2006-06-15</subfield>
      <subfield code="y">BK</subfield>
      <subfield code="p">04-30540</subfield>
      <subfield code="i">04-30540</subfield>
      <subfield code="g">12</subfield>
      <subfield code="o">378.4 L773l</subfield>
      <subfield code="e">UASJ</subfield>
      <subfield code="8">CG</subfield>
    </datafield>
  </record>