
  <record>
    <leader>01000aam  22002601a 4500</leader>
    <controlfield tag="001">YPZ19606</controlfield>
    <controlfield tag="003">YPZ</controlfield>
    <controlfield tag="005">200704131511010</controlfield>
    <controlfield tag="008">070413|###########||||||b||||||||||spa|d</controlfield>
    <datafield tag="020" ind1=" " ind2=" ">
      <subfield code="a">9500393700</subfield>
    </datafield>
    <datafield tag="040" ind1=" " ind2=" ">
      <subfield code="c">SIUNPA</subfield>
    </datafield>
    <datafield tag="041" ind1=" " ind2=" ">
      <subfield code="a">spa</subfield>
    </datafield>
    <datafield tag="044" ind1=" " ind2=" ">
      <subfield code="a">AR</subfield>
    </datafield>
    <datafield tag="080" ind1=" " ind2=" ">
      <subfield code="a">821.124'02 P721p</subfield>
    </datafield>
    <datafield tag="100" ind1=" " ind2=" ">
      <subfield code="a">Plauto, Tito Maccio.</subfield>
    </datafield>
    <datafield tag="245" ind1=" " ind2=" ">
      <subfield code="a">Pséudolo</subfield>
      <subfield code="c"> / Álvarez Hernández, Arturo, introd., tr. y notas</subfield>
    </datafield>
    <datafield tag="250" ind1=" " ind2=" ">
      <subfield code="a">1a ed.</subfield>
    </datafield>
    <datafield tag="260" ind1=" " ind2=" ">
      <subfield code="a">Buenos Aires</subfield>
      <subfield code="b"> : Losada</subfield>
      <subfield code="c"> , 2005</subfield>
    </datafield>
    <datafield tag="650" ind1=" " ind2=" ">
      <subfield code="a"> LITERATURA LATINA</subfield>
    </datafield>
    <datafield tag="650" ind1=" " ind2=" ">
      <subfield code="a"> TEATRO</subfield>
    </datafield>
    <datafield tag="942" ind1=" " ind2=" ">
      <subfield code="c">BK</subfield>
    </datafield>
    <datafield tag="952" ind1=" " ind2=" ">
      <subfield code="a">BIB_RECT</subfield>
      <subfield code="b">BIB_UARG</subfield>
      <subfield code="d">2007-03-30</subfield>
      <subfield code="y">BK</subfield>
      <subfield code="p">05-31714</subfield>
      <subfield code="i">05-31714</subfield>
      <subfield code="g">26.86</subfield>
      <subfield code="o">821.124'02 P721p</subfield>
      <subfield code="e">SIUNPA</subfield>
      <subfield code="8">CG</subfield>
    </datafield>
    <datafield tag="952" ind1=" " ind2=" ">
      <subfield code="a">BIB_RECT</subfield>
      <subfield code="b">BIB_UARG</subfield>
      <subfield code="d">2007-03-30</subfield>
      <subfield code="y">BK</subfield>
      <subfield code="p">05-31715</subfield>
      <subfield code="i">05-31715</subfield>
      <subfield code="g">26.86</subfield>
      <subfield code="o">821.124'02 P721p</subfield>
      <subfield code="e">SIUNPA</subfield>
      <subfield code="8">CG</subfield>
    </datafield>
    <datafield tag="952" ind1=" " ind2=" ">
      <subfield code="a">BIB_RECT</subfield>
      <subfield code="b">BIB_UARG</subfield>
      <subfield code="d">2010-04-08</subfield>
      <subfield code="y">BK</subfield>
      <subfield code="p">05-39043</subfield>
      <subfield code="i">05-39043</subfield>
      <subfield code="g">44</subfield>
      <subfield code="o">821.124'02 P721p</subfield>
      <subfield code="e">Compra SIUNPA OC 157/09</subfield>
      <subfield code="8">CG</subfield>
    </datafield>
    <datafield tag="952" ind1=" " ind2=" ">
      <subfield code="a">BIB_RECT</subfield>
      <subfield code="b">BIB_UARG</subfield>
      <subfield code="d">2010-03-18</subfield>
      <subfield code="y">BK</subfield>
      <subfield code="p">05-39044</subfield>
      <subfield code="i">05-39044</subfield>
      <subfield code="g">44</subfield>
      <subfield code="o">821.124'02 P721p</subfield>
      <subfield code="e">Compra SIUNPA OC 157/09</subfield>
      <subfield code="8">CG</subfield>
    </datafield>
  </record>