
  <record>
    <leader>01000aam  22002601a 4500</leader>
    <controlfield tag="001">YPZ19612</controlfield>
    <controlfield tag="003">YPZ</controlfield>
    <controlfield tag="005">200704161234410</controlfield>
    <controlfield tag="008">070416|###########||||||b||||||||||spa|d</controlfield>
    <datafield tag="020" ind1=" " ind2=" ">
      <subfield code="a">8424916697</subfield>
    </datafield>
    <datafield tag="040" ind1=" " ind2=" ">
      <subfield code="c">SIUNPA</subfield>
    </datafield>
    <datafield tag="041" ind1=" " ind2=" ">
      <subfield code="a">spa</subfield>
    </datafield>
    <datafield tag="044" ind1=" " ind2=" ">
      <subfield code="a">ES</subfield>
    </datafield>
    <datafield tag="080" ind1=" " ind2=" ">
      <subfield code="a">81'42 A617s</subfield>
    </datafield>
    <datafield tag="100" ind1=" " ind2=" ">
      <subfield code="a">Anscombre, Jean-Claude.</subfield>
    </datafield>
    <datafield tag="700" ind1=" " ind2=" ">
      <subfield code="a">Ducrot, Oswald.</subfield>
    </datafield>
    <datafield tag="245" ind1=" " ind2=" ">
      <subfield code="a">La argumentación en la lengua</subfield>
      <subfield code="c"> / Sevilla, Julia, tr. ; Tordesillas Colado, Marta, tr. e introd.</subfield>
    </datafield>
    <datafield tag="260" ind1=" " ind2=" ">
      <subfield code="a">Madrid</subfield>
      <subfield code="b"> : Gredos</subfield>
      <subfield code="c"> , 1994</subfield>
    </datafield>
    <datafield tag="440" ind1=" " ind2=" ">
      <subfield code="a">Alternativa pedagógica. Serie historia de la Educación</subfield>
      <subfield code="a">Colección Griegos y Latinos</subfield>
      <subfield code="a">Semiología y lingüística</subfield>
      <subfield code="a">Colección Griegos y Latinos</subfield>
      <subfield code="a">Colección Griegos y Latinos</subfield>
      <subfield code="a">Ciencias del lenguaje</subfield>
      <subfield code="a">Colección Griegos y Latinos</subfield>
      <subfield code="a">Contemporánea / Debolsillo</subfield>
      <subfield code="a">Biblioteca románica hispánica. III, manuales</subfield>
      <subfield code="v">75</subfield>
    </datafield>
    <datafield tag="490" ind1=" " ind2=" ">
      <subfield code="a">Alternativa pedagógica. Serie historia de la Educación</subfield>
      <subfield code="a">Colección Griegos y Latinos</subfield>
      <subfield code="a">Semiología y lingüística</subfield>
      <subfield code="a">Colección Griegos y Latinos</subfield>
      <subfield code="a">Colección Griegos y Latinos</subfield>
      <subfield code="a">Ciencias del lenguaje</subfield>
      <subfield code="a">Colección Griegos y Latinos</subfield>
      <subfield code="a">Contemporánea / Debolsillo</subfield>
      <subfield code="a">Biblioteca románica hispánica. III, manuales</subfield>
      <subfield code="v">75</subfield>
    </datafield>
    <datafield tag="650" ind1=" " ind2=" ">
      <subfield code="a"> ARGUMENTACION</subfield>
    </datafield>
    <datafield tag="650" ind1=" " ind2=" ">
      <subfield code="a"> ANALISIS DEL DISCURSO</subfield>
    </datafield>
    <datafield tag="942" ind1=" " ind2=" ">
      <subfield code="c">BK</subfield>
    </datafield>
    <datafield tag="952" ind1=" " ind2=" ">
      <subfield code="a">BIB_RECT</subfield>
      <subfield code="b">BIB_UARG</subfield>
      <subfield code="d">2007-03-30</subfield>
      <subfield code="y">BK</subfield>
      <subfield code="p">05-31750</subfield>
      <subfield code="i">05-31750</subfield>
      <subfield code="g">75.84</subfield>
      <subfield code="o">81'42 A617s</subfield>
      <subfield code="e">SIUNPA</subfield>
      <subfield code="8">CG</subfield>
    </datafield>
    <datafield tag="952" ind1=" " ind2=" ">
      <subfield code="a">BIB_RECT</subfield>
      <subfield code="b">BIB_UARG</subfield>
      <subfield code="d">2007-03-30</subfield>
      <subfield code="y">BK</subfield>
      <subfield code="p">05-31751</subfield>
      <subfield code="i">05-31751</subfield>
      <subfield code="g">75.84</subfield>
      <subfield code="o">81'42 A617s</subfield>
      <subfield code="e">SIUNPA</subfield>
      <subfield code="8">CG</subfield>
    </datafield>
    <datafield tag="952" ind1=" " ind2=" ">
      <subfield code="a">BIB_RECT</subfield>
      <subfield code="b">BIB_UARG</subfield>
      <subfield code="d">2007-03-30</subfield>
      <subfield code="y">BK</subfield>
      <subfield code="p">05-31752</subfield>
      <subfield code="i">05-31752</subfield>
      <subfield code="g">75.84</subfield>
      <subfield code="o">81'42 A617s</subfield>
      <subfield code="e">SIUNPA</subfield>
      <subfield code="8">CG</subfield>
    </datafield>
    <datafield tag="952" ind1=" " ind2=" ">
      <subfield code="a">BIB_RECT</subfield>
      <subfield code="b">BIB_UARG</subfield>
      <subfield code="d">2007-03-30</subfield>
      <subfield code="y">BK</subfield>
      <subfield code="p">05-31753</subfield>
      <subfield code="i">05-31753</subfield>
      <subfield code="g">75.84</subfield>
      <subfield code="o">81'42 A617s</subfield>
      <subfield code="e">SIUNPA</subfield>
      <subfield code="8">CG</subfield>
    </datafield>
    <datafield tag="952" ind1=" " ind2=" ">
      <subfield code="a">BIB_RECT</subfield>
      <subfield code="b">BIB_UARG</subfield>
      <subfield code="d">2007-03-30</subfield>
      <subfield code="y">BK</subfield>
      <subfield code="p">05-31754</subfield>
      <subfield code="i">05-31754</subfield>
      <subfield code="g">75.84</subfield>
      <subfield code="o">81'42 A617s</subfield>
      <subfield code="e">SIUNPA</subfield>
      <subfield code="8">CG</subfield>
    </datafield>
  </record>