
  <record>
    <leader>01000aam  22002601a 4500</leader>
    <controlfield tag="001">YPZ19666</controlfield>
    <controlfield tag="003">YPZ</controlfield>
    <controlfield tag="005">200704261029500</controlfield>
    <controlfield tag="008">070426|###########||||||b||||||||||spa|d</controlfield>
    <datafield tag="020" ind1=" " ind2=" ">
      <subfield code="a">9506414793</subfield>
    </datafield>
    <datafield tag="020" ind1=" " ind2=" ">
      <subfield code="a">9789506414795</subfield>
    </datafield>
    <datafield tag="040" ind1=" " ind2=" ">
      <subfield code="c">SIUNPA</subfield>
    </datafield>
    <datafield tag="041" ind1=" " ind2=" ">
      <subfield code="a">spa</subfield>
    </datafield>
    <datafield tag="044" ind1=" " ind2=" ">
      <subfield code="a">AR</subfield>
    </datafield>
    <datafield tag="080" ind1=" " ind2=" ">
      <subfield code="a">371.333 B946e</subfield>
    </datafield>
    <datafield tag="100" ind1=" " ind2=" ">
      <subfield code="a">Burbules, Nicholas C..</subfield>
    </datafield>
    <datafield tag="700" ind1=" " ind2=" ">
      <subfield code="a">Callister, Thomas A..</subfield>
    </datafield>
    <datafield tag="245" ind1=" " ind2=" ">
      <subfield code="a">Educación</subfield>
      <subfield code="b"> : riesgos y promesas de las nuevas tecnologías de la información</subfield>
      <subfield code="c"> / Wolfson, Leandro, supervisión de tr. ; Oviedo, Adriana, tr. ; Sagaró, Daniela, tr. ; Fracchia, Jorge, tr. ; Grosman, Paula, tr.</subfield>
    </datafield>
    <datafield tag="260" ind1=" " ind2=" ">
      <subfield code="a">Buenos Aires</subfield>
      <subfield code="b"> : Granica</subfield>
      <subfield code="c"> , c2006</subfield>
    </datafield>
    <datafield tag="500" ind1=" " ind2=" ">
      <subfield code="a">El año de impresión varía según el ejemplar</subfield>
    </datafield>
    <datafield tag="650" ind1=" " ind2=" ">
      <subfield code="a"> INTERNET Y ESCUELA</subfield>
    </datafield>
    <datafield tag="650" ind1=" " ind2=" ">
      <subfield code="a"> INFORMATICA</subfield>
    </datafield>
    <datafield tag="650" ind1=" " ind2=" ">
      <subfield code="a"> TECNOLOGIA EDUCACIONAL</subfield>
    </datafield>
    <datafield tag="942" ind1=" " ind2=" ">
      <subfield code="c">BK</subfield>
    </datafield>
    <datafield tag="952" ind1=" " ind2=" ">
      <subfield code="a">BIB_RECT</subfield>
      <subfield code="b">BIB_UASJ</subfield>
      <subfield code="d">2007-04-23</subfield>
      <subfield code="y">BK</subfield>
      <subfield code="p">04-31870</subfield>
      <subfield code="i">04-31870</subfield>
      <subfield code="g">28.45</subfield>
      <subfield code="o">371.333 B946e</subfield>
      <subfield code="e">SIUNPA</subfield>
      <subfield code="8">CG</subfield>
    </datafield>
    <datafield tag="952" ind1=" " ind2=" ">
      <subfield code="a">BIB_RECT</subfield>
      <subfield code="b">BIB_UASJ</subfield>
      <subfield code="d">2007-04-23</subfield>
      <subfield code="y">BK</subfield>
      <subfield code="p">04-31871</subfield>
      <subfield code="i">04-31871</subfield>
      <subfield code="g">28.45</subfield>
      <subfield code="o">371.333 B946e</subfield>
      <subfield code="e">SIUNPA</subfield>
      <subfield code="8">CG</subfield>
    </datafield>
    <datafield tag="952" ind1=" " ind2=" ">
      <subfield code="a">BIB_RECT</subfield>
      <subfield code="b">BIB_UARG</subfield>
      <subfield code="d">2012-04-17</subfield>
      <subfield code="y">BK</subfield>
      <subfield code="p">05-42329</subfield>
      <subfield code="i">05-42329</subfield>
      <subfield code="g">55</subfield>
      <subfield code="o">371.333 B946e</subfield>
      <subfield code="e">PI 29/A237-1 Saldivia</subfield>
      <subfield code="8">CG</subfield>
    </datafield>
    <datafield tag="952" ind1=" " ind2=" ">
      <subfield code="a">BIB_RECT</subfield>
      <subfield code="b">SAT_GREG</subfield>
      <subfield code="d">2007-05-17</subfield>
      <subfield code="y">BK</subfield>
      <subfield code="p">18-32184</subfield>
      <subfield code="i">18-32184</subfield>
      <subfield code="g">28.44</subfield>
      <subfield code="o">371.333 B946e</subfield>
      <subfield code="e">SIUNPA</subfield>
      <subfield code="8">CG</subfield>
    </datafield>
    <datafield tag="952" ind1=" " ind2=" ">
      <subfield code="a">BIB_RECT</subfield>
      <subfield code="b">SAT_GREG</subfield>
      <subfield code="d">2007-05-17</subfield>
      <subfield code="y">BK</subfield>
      <subfield code="p">18-32185</subfield>
      <subfield code="i">18-32185</subfield>
      <subfield code="g">28.44</subfield>
      <subfield code="o">371.333 B946e</subfield>
      <subfield code="e">SIUNPA</subfield>
      <subfield code="8">CG</subfield>
    </datafield>
  </record>