
  <record>
    <leader>01000aam  22002601a 4500</leader>
    <controlfield tag="001">YPZ19735</controlfield>
    <controlfield tag="003">YPZ</controlfield>
    <controlfield tag="005">200705091823100</controlfield>
    <controlfield tag="008">070509|###########||||||b||||||||||spa|d</controlfield>
    <datafield tag="020" ind1=" " ind2=" ">
      <subfield code="a">8497425197</subfield>
    </datafield>
    <datafield tag="040" ind1=" " ind2=" ">
      <subfield code="c">SIUNPA</subfield>
    </datafield>
    <datafield tag="041" ind1=" " ind2=" ">
      <subfield code="a">spa</subfield>
    </datafield>
    <datafield tag="044" ind1=" " ind2=" ">
      <subfield code="a">ES</subfield>
    </datafield>
    <datafield tag="080" ind1=" " ind2=" ">
      <subfield code="a">801.73 C183c</subfield>
    </datafield>
    <datafield tag="245" ind1=" " ind2=" ">
      <subfield code="a">Caminos de la hermenéutica</subfield>
      <subfield code="c"> / Muñoz, Jacobo, ed. ; Faerna, Ángel Manuel, ed.</subfield>
    </datafield>
    <datafield tag="260" ind1=" " ind2=" ">
      <subfield code="a">Madrid</subfield>
      <subfield code="b"> : Biblioteca Nueva</subfield>
      <subfield code="c"> , 2006</subfield>
    </datafield>
    <datafield tag="440" ind1=" " ind2=" ">
      <subfield code="a">Biblioteca de iniciación filosófica</subfield>
      <subfield code="a">Biblioteca del polimodal</subfield>
      <subfield code="a">Sección de obras de filosofía</subfield>
      <subfield code="a">Bordes Manantial</subfield>
      <subfield code="a">Serie cuadernos de cátedra</subfield>
      <subfield code="a">Colección razón y sociedad</subfield>
      <subfield code="v">56</subfield>
    </datafield>
    <datafield tag="490" ind1=" " ind2=" ">
      <subfield code="a">Biblioteca de iniciación filosófica</subfield>
      <subfield code="a">Biblioteca del polimodal</subfield>
      <subfield code="a">Sección de obras de filosofía</subfield>
      <subfield code="a">Bordes Manantial</subfield>
      <subfield code="a">Serie cuadernos de cátedra</subfield>
      <subfield code="a">Colección razón y sociedad</subfield>
      <subfield code="v">56</subfield>
    </datafield>
    <datafield tag="650" ind1=" " ind2=" ">
      <subfield code="a"> HERMENEUTICA</subfield>
    </datafield>
    <datafield tag="942" ind1=" " ind2=" ">
      <subfield code="c">BK</subfield>
    </datafield>
    <datafield tag="952" ind1=" " ind2=" ">
      <subfield code="a">BIB_RECT</subfield>
      <subfield code="b">BIB_UARG</subfield>
      <subfield code="d">2007-05-08</subfield>
      <subfield code="y">BK</subfield>
      <subfield code="p">05-31936</subfield>
      <subfield code="i">05-31936</subfield>
      <subfield code="g">35</subfield>
      <subfield code="o">801.73 C183c</subfield>
      <subfield code="e">PIUARG A/161</subfield>
      <subfield code="8">CG</subfield>
    </datafield>
  </record>