
  <record>
    <leader>01000aam  22002601a 4500</leader>
    <controlfield tag="001">YPZ19738</controlfield>
    <controlfield tag="003">YPZ</controlfield>
    <controlfield tag="005">200705101829240</controlfield>
    <controlfield tag="008">070510|###########||||||b||||||||||spa|d</controlfield>
    <datafield tag="020" ind1=" " ind2=" ">
      <subfield code="a">8497324226</subfield>
    </datafield>
    <datafield tag="040" ind1=" " ind2=" ">
      <subfield code="c">SIUNPA</subfield>
    </datafield>
    <datafield tag="041" ind1=" " ind2=" ">
      <subfield code="a">spa</subfield>
    </datafield>
    <datafield tag="044" ind1=" " ind2=" ">
      <subfield code="a">ES</subfield>
    </datafield>
    <datafield tag="080" ind1=" " ind2=" ">
      <subfield code="a">331.45 F363c</subfield>
    </datafield>
    <datafield tag="100" ind1=" " ind2=" ">
      <subfield code="a">Fernández Muñiz, Beatriz.</subfield>
    </datafield>
    <datafield tag="700" ind1=" " ind2=" ">
      <subfield code="a">Montes Peón, José Manuel.</subfield>
    </datafield>
    <datafield tag="700" ind1=" " ind2=" ">
      <subfield code="a">Vázquez Ordás, Camilo José.</subfield>
    </datafield>
    <datafield tag="245" ind1=" " ind2=" ">
      <subfield code="a">Cómo crear un entorno de trabajo seguro</subfield>
      <subfield code="b"> : organización y gestión económica de la salud laboral</subfield>
    </datafield>
    <datafield tag="260" ind1=" " ind2=" ">
      <subfield code="a">Madrid</subfield>
      <subfield code="b"> : Thomson</subfield>
      <subfield code="c"> , 2005</subfield>
    </datafield>
    <datafield tag="650" ind1=" " ind2=" ">
      <subfield code="a"> SEGURIDAD DEL TRABAJO</subfield>
    </datafield>
    <datafield tag="650" ind1=" " ind2=" ">
      <subfield code="a"> PREVENCION DE ACCIDENTE</subfield>
    </datafield>
    <datafield tag="650" ind1=" " ind2=" ">
      <subfield code="a"> MEDIDAS DE SEGURIDAD</subfield>
    </datafield>
    <datafield tag="942" ind1=" " ind2=" ">
      <subfield code="c">BK</subfield>
    </datafield>
    <datafield tag="952" ind1=" " ind2=" ">
      <subfield code="a">BIB_RECT</subfield>
      <subfield code="b">BIB_UACO</subfield>
      <subfield code="d">2007-05-10</subfield>
      <subfield code="y">BK</subfield>
      <subfield code="p">02-31938</subfield>
      <subfield code="i">02-31938</subfield>
      <subfield code="g">31</subfield>
      <subfield code="o">331.45 F363c</subfield>
      <subfield code="e">SIUNPA</subfield>
      <subfield code="8">CG</subfield>
    </datafield>
    <datafield tag="952" ind1=" " ind2=" ">
      <subfield code="a">BIB_RECT</subfield>
      <subfield code="b">BIB_UACO</subfield>
      <subfield code="d">2007-05-10</subfield>
      <subfield code="y">BK</subfield>
      <subfield code="p">02-31939</subfield>
      <subfield code="i">02-31939</subfield>
      <subfield code="g">31</subfield>
      <subfield code="o">331.45 F363c</subfield>
      <subfield code="e">SIUNPA</subfield>
      <subfield code="8">CG</subfield>
    </datafield>
    <datafield tag="952" ind1=" " ind2=" ">
      <subfield code="a">BIB_RECT</subfield>
      <subfield code="b">BIB_UACO</subfield>
      <subfield code="d">2007-05-10</subfield>
      <subfield code="y">BK</subfield>
      <subfield code="p">02-31940</subfield>
      <subfield code="i">02-31940</subfield>
      <subfield code="g">31</subfield>
      <subfield code="o">331.45 F363c</subfield>
      <subfield code="e">SIUNPA</subfield>
      <subfield code="8">CG</subfield>
    </datafield>
    <datafield tag="952" ind1=" " ind2=" ">
      <subfield code="a">BIB_RECT</subfield>
      <subfield code="b">BIB_UACO</subfield>
      <subfield code="d">2007-05-10</subfield>
      <subfield code="y">BK</subfield>
      <subfield code="p">02-31941</subfield>
      <subfield code="i">02-31941</subfield>
      <subfield code="g">31</subfield>
      <subfield code="o">331.45 F363c</subfield>
      <subfield code="e">SIUNPA</subfield>
      <subfield code="8">CG</subfield>
    </datafield>
    <datafield tag="952" ind1=" " ind2=" ">
      <subfield code="a">BIB_RECT</subfield>
      <subfield code="b">BIB_UACO</subfield>
      <subfield code="d">2007-05-10</subfield>
      <subfield code="y">BK</subfield>
      <subfield code="p">02-31942</subfield>
      <subfield code="i">02-31942</subfield>
      <subfield code="g">31</subfield>
      <subfield code="o">331.45 F363c</subfield>
      <subfield code="e">SIUNPA</subfield>
      <subfield code="8">CG</subfield>
    </datafield>
  </record>