
  <record>
    <leader>01000aam  22002601a 4500</leader>
    <controlfield tag="001">YPZ19739</controlfield>
    <controlfield tag="003">YPZ</controlfield>
    <controlfield tag="005">200705111450210</controlfield>
    <controlfield tag="008">070511|###########||||||b||||||||||spa|d</controlfield>
    <datafield tag="020" ind1=" " ind2=" ">
      <subfield code="a">8428329265</subfield>
    </datafield>
    <datafield tag="040" ind1=" " ind2=" ">
      <subfield code="c">SIUNPA</subfield>
    </datafield>
    <datafield tag="041" ind1=" " ind2=" ">
      <subfield code="a">spa</subfield>
    </datafield>
    <datafield tag="044" ind1=" " ind2=" ">
      <subfield code="a">ES</subfield>
    </datafield>
    <datafield tag="080" ind1=" " ind2=" ">
      <subfield code="a">621.315 S238i</subfield>
    </datafield>
    <datafield tag="100" ind1=" " ind2=" ">
      <subfield code="a">Sanz Serrano, José Luis.</subfield>
    </datafield>
    <datafield tag="245" ind1=" " ind2=" ">
      <subfield code="a">Instalaciones eléctricas</subfield>
      <subfield code="b"> : soluciones a problemas en baja y alta tensión</subfield>
    </datafield>
    <datafield tag="260" ind1=" " ind2=" ">
      <subfield code="a">Madrid</subfield>
      <subfield code="b"> : Paraninfo</subfield>
      <subfield code="c"> , 2005</subfield>
    </datafield>
    <datafield tag="650" ind1=" " ind2=" ">
      <subfield code="a"> ELECTRICIDAD</subfield>
    </datafield>
    <datafield tag="650" ind1=" " ind2=" ">
      <subfield code="a"> ENERGIA ELECTRICA</subfield>
    </datafield>
    <datafield tag="942" ind1=" " ind2=" ">
      <subfield code="c">BK</subfield>
    </datafield>
    <datafield tag="952" ind1=" " ind2=" ">
      <subfield code="a">BIB_RECT</subfield>
      <subfield code="b">BIB_UACO</subfield>
      <subfield code="d">2007-05-10</subfield>
      <subfield code="y">BK</subfield>
      <subfield code="p">02-31963</subfield>
      <subfield code="i">02-31963</subfield>
      <subfield code="g">58</subfield>
      <subfield code="o">621.315 S238i</subfield>
      <subfield code="e">SIUNPA</subfield>
      <subfield code="8">CG</subfield>
    </datafield>
    <datafield tag="952" ind1=" " ind2=" ">
      <subfield code="a">BIB_RECT</subfield>
      <subfield code="b">BIB_UACO</subfield>
      <subfield code="d">2007-05-10</subfield>
      <subfield code="y">BK</subfield>
      <subfield code="p">02-31964</subfield>
      <subfield code="i">02-31964</subfield>
      <subfield code="g">58</subfield>
      <subfield code="o">621.315 S238i</subfield>
      <subfield code="e">SIUNPA</subfield>
      <subfield code="8">CG</subfield>
    </datafield>
    <datafield tag="952" ind1=" " ind2=" ">
      <subfield code="a">BIB_RECT</subfield>
      <subfield code="b">BIB_UACO</subfield>
      <subfield code="d">2007-05-10</subfield>
      <subfield code="y">BK</subfield>
      <subfield code="p">02-31965</subfield>
      <subfield code="i">02-31965</subfield>
      <subfield code="g">58</subfield>
      <subfield code="o">621.315 S238i</subfield>
      <subfield code="e">SIUNPA</subfield>
      <subfield code="8">CG</subfield>
    </datafield>
    <datafield tag="952" ind1=" " ind2=" ">
      <subfield code="a">BIB_RECT</subfield>
      <subfield code="b">BIB_UACO</subfield>
      <subfield code="d">2007-05-10</subfield>
      <subfield code="y">BK</subfield>
      <subfield code="p">02-31966</subfield>
      <subfield code="i">02-31966</subfield>
      <subfield code="g">58</subfield>
      <subfield code="o">621.315 S238i</subfield>
      <subfield code="e">SIUNPA</subfield>
      <subfield code="8">CG</subfield>
    </datafield>
    <datafield tag="952" ind1=" " ind2=" ">
      <subfield code="a">BIB_RECT</subfield>
      <subfield code="b">BIB_UACO</subfield>
      <subfield code="d">2007-05-10</subfield>
      <subfield code="y">BK</subfield>
      <subfield code="p">02-31967</subfield>
      <subfield code="i">02-31967</subfield>
      <subfield code="g">58</subfield>
      <subfield code="o">621.315 S238i</subfield>
      <subfield code="e">SIUNPA</subfield>
      <subfield code="8">CG</subfield>
    </datafield>
  </record>