
  <record>
    <leader>01000aam  22002601a 4500</leader>
    <controlfield tag="001">YPZ19764</controlfield>
    <controlfield tag="003">YPZ</controlfield>
    <controlfield tag="005">200705151841440</controlfield>
    <controlfield tag="008">070515|###########||||||b||||||||||spa|d</controlfield>
    <datafield tag="020" ind1=" " ind2=" ">
      <subfield code="a">0201625229</subfield>
    </datafield>
    <datafield tag="040" ind1=" " ind2=" ">
      <subfield code="c">SIUNPA</subfield>
    </datafield>
    <datafield tag="041" ind1=" " ind2=" ">
      <subfield code="a">spa</subfield>
    </datafield>
    <datafield tag="044" ind1=" " ind2=" ">
      <subfield code="a">US</subfield>
    </datafield>
    <datafield tag="080" ind1=" " ind2=" ">
      <subfield code="a">004.41 M128c</subfield>
    </datafield>
    <datafield tag="100" ind1=" " ind2=" ">
      <subfield code="a">McClure, Carma.</subfield>
    </datafield>
    <datafield tag="245" ind1=" " ind2=" ">
      <subfield code="a">CASE</subfield>
      <subfield code="b"> : la automatización del software</subfield>
      <subfield code="c"> / Orenga y Ortega, José Manuel, tr. ; Rodríguez García, Manuel, revisión técnica</subfield>
    </datafield>
    <datafield tag="260" ind1=" " ind2=" ">
      <subfield code="a">Delaware, Wilm.</subfield>
      <subfield code="b"> : Addison Wesley Iberoamericana</subfield>
      <subfield code="c"> , 1193</subfield>
    </datafield>
    <datafield tag="650" ind1=" " ind2=" ">
      <subfield code="a"> INGENIERIA DE SOFTWARE</subfield>
    </datafield>
    <datafield tag="650" ind1=" " ind2=" ">
      <subfield code="a"> HERRAMIENTAS CASE</subfield>
    </datafield>
    <datafield tag="942" ind1=" " ind2=" ">
      <subfield code="c">BK</subfield>
    </datafield>
    <datafield tag="952" ind1=" " ind2=" ">
      <subfield code="a">BIB_RECT</subfield>
      <subfield code="b">BIB_UACO</subfield>
      <subfield code="d">2007-05-15</subfield>
      <subfield code="y">BK</subfield>
      <subfield code="p">02-00324</subfield>
      <subfield code="i">02-00324</subfield>
      <subfield code="g">25</subfield>
      <subfield code="o">004.41 M128c</subfield>
      <subfield code="e">Decanato UACO</subfield>
      <subfield code="8">CG</subfield>
    </datafield>
  </record>