
  <record>
    <leader>01000aam  22002601a 4500</leader>
    <controlfield tag="001">YPZ19772</controlfield>
    <controlfield tag="003">YPZ</controlfield>
    <controlfield tag="005">200705161622080</controlfield>
    <controlfield tag="008">070516|###########||||||b||||||||||spa|d</controlfield>
    <datafield tag="020" ind1=" " ind2=" ">
      <subfield code="a">970151131X</subfield>
    </datafield>
    <datafield tag="040" ind1=" " ind2=" ">
      <subfield code="c">SIUNPA</subfield>
    </datafield>
    <datafield tag="041" ind1=" " ind2=" ">
      <subfield code="a">spa</subfield>
    </datafield>
    <datafield tag="044" ind1=" " ind2=" ">
      <subfield code="a">MX</subfield>
    </datafield>
    <datafield tag="080" ind1=" " ind2=" ">
      <subfield code="a">004.2 M382h4</subfield>
    </datafield>
    <datafield tag="100" ind1=" " ind2=" ">
      <subfield code="a">Martín Martín-Pozuelo, José María.</subfield>
    </datafield>
    <datafield tag="245" ind1=" " ind2=" ">
      <subfield code="a">Hardware microinformático</subfield>
      <subfield code="b"> : viaje a las profundidades del PC</subfield>
    </datafield>
    <datafield tag="250" ind1=" " ind2=" ">
      <subfield code="a">4a ed. ampliada y actualizada</subfield>
    </datafield>
    <datafield tag="260" ind1=" " ind2=" ">
      <subfield code="a">México, D.F.</subfield>
      <subfield code="b"> : Alfaomega</subfield>
      <subfield code="c"> , 2005</subfield>
    </datafield>
    <datafield tag="300" ind1=" " ind2=" ">
      <subfield code="a">301 p. : </subfield>
      <subfield code="b">il. ; </subfield>
      <subfield code="a">150 p. : </subfield>
      <subfield code="a">238 p. : </subfield>
      <subfield code="a">157 p. : </subfield>
      <subfield code="a">76 p. : </subfield>
      <subfield code="a">294 p. : </subfield>
      <subfield code="a">292 p. : </subfield>
      <subfield code="a">114 p. : </subfield>
      <subfield code="a">94 p. : </subfield>
      <subfield code="b">il. ; </subfield>
      <subfield code="a">222 p. : </subfield>
      <subfield code="a">151 P. : </subfield>
      <subfield code="a">582 p. : </subfield>
      <subfield code="a">148 p. : </subfield>
      <subfield code="a">316 p. : </subfield>
      <subfield code="a">214 p. : </subfield>
      <subfield code="a">xx, 210 p. : </subfield>
      <subfield code="b">il. ; </subfield>
      <subfield code="a">xiv, 303 p. : </subfield>
      <subfield code="b">il. ; </subfield>
      <subfield code="a">xii, 202 p. : </subfield>
      <subfield code="b">il. ; </subfield>
      <subfield code="a">334 p. : </subfield>
      <subfield code="b">il. ; </subfield>
      <subfield code="a">253 p. : </subfield>
      <subfield code="a">51 p. : </subfield>
      <subfield code="a">45 p. : </subfield>
      <subfield code="a">513 p. : </subfield>
      <subfield code="a">218 p. : </subfield>
      <subfield code="a">xvii, 319 p. : </subfield>
      <subfield code="a">141 p. : </subfield>
      <subfield code="a">334 p. : </subfield>
      <subfield code="a">283 p. : </subfield>
      <subfield code="a">ix, 966 p. : </subfield>
      <subfield code="b">il. ; </subfield>
      <subfield code="a">xxvii, 622 p. : </subfield>
      <subfield code="b">il. ; </subfield>
      <subfield code="a">viii, 902 p. : </subfield>
      <subfield code="b">il. ; </subfield>
      <subfield code="a">197 p. : </subfield>
      <subfield code="b">il. ; </subfield>
      <subfield code="a">xviii, 568 p. : </subfield>
      <subfield code="b">il. ; </subfield>
      <subfield code="a">238 p. : </subfield>
      <subfield code="a">158 p. : </subfield>
      <subfield code="b">il. ; </subfield>
      <subfield code="a">212 p. : </subfield>
      <subfield code="a">402 p. : </subfield>
      <subfield code="b">il. ; </subfield>
      <subfield code="a">v. : </subfield>
      <subfield code="b">il. ; </subfield>
      <subfield code="a">255 p. : </subfield>
      <subfield code="b">il. ; </subfield>
      <subfield code="a">381 p. : </subfield>
      <subfield code="b">il. ; </subfield>
      <subfield code="a">158 p. : </subfield>
      <subfield code="a">xxiv, 449 p. : </subfield>
      <subfield code="b">il. ; </subfield>
      <subfield code="a">121 p. : </subfield>
      <subfield code="a">278 p. : </subfield>
      <subfield code="a">140 p. : </subfield>
      <subfield code="b">il. ; </subfield>
      <subfield code="a">636 p. : </subfield>
      <subfield code="b">il. ; </subfield>
      <subfield code="a">432 p. : </subfield>
      <subfield code="b">il ; </subfield>
      <subfield code="a">xxvi, 602 p. : </subfield>
      <subfield code="b">il. ; </subfield>
      <subfield code="e">1 CD-ROM en bolsillo</subfield>
    </datafield>
    <datafield tag="650" ind1=" " ind2=" ">
      <subfield code="a"> HARDWARE</subfield>
    </datafield>
    <datafield tag="650" ind1=" " ind2=" ">
      <subfield code="a"> ARQUITECTURA DE COMPUTADORAS</subfield>
    </datafield>
    <datafield tag="942" ind1=" " ind2=" ">
      <subfield code="c">BK</subfield>
    </datafield>
    <datafield tag="952" ind1=" " ind2=" ">
      <subfield code="a">BIB_RECT</subfield>
      <subfield code="b">BIB_UASJ</subfield>
      <subfield code="d">2007-05-15</subfield>
      <subfield code="y">BK</subfield>
      <subfield code="p">04-32061</subfield>
      <subfield code="i">04-32061</subfield>
      <subfield code="g">74</subfield>
      <subfield code="o">004.2 M382h4</subfield>
      <subfield code="e">SIUNPA</subfield>
      <subfield code="8">CG</subfield>
    </datafield>
  </record>