
  <record>
    <leader>01000aam  22002601a 4500</leader>
    <controlfield tag="001">YPZ86427</controlfield>
    <controlfield tag="003">YPZ</controlfield>
    <controlfield tag="005">200705241313240</controlfield>
    <controlfield tag="008">070524|###########||||||b||||||||||spa|d</controlfield>
    <datafield tag="020" ind1=" " ind2=" ">
      <subfield code="a">9502314891</subfield>
    </datafield>
    <datafield tag="020" ind1=" " ind2=" ">
      <subfield code="a">9789502314891</subfield>
    </datafield>
    <datafield tag="040" ind1=" " ind2=" ">
      <subfield code="c">SIUNPA</subfield>
    </datafield>
    <datafield tag="041" ind1=" " ind2=" ">
      <subfield code="a">spa</subfield>
    </datafield>
    <datafield tag="044" ind1=" " ind2=" ">
      <subfield code="a">AR</subfield>
    </datafield>
    <datafield tag="080" ind1=" " ind2=" ">
      <subfield code="a">504.3.054 C568c</subfield>
    </datafield>
    <datafield tag="100" ind1=" " ind2=" ">
      <subfield code="a">Cicerone, Daniel S..</subfield>
    </datafield>
    <datafield tag="700" ind1=" " ind2=" ">
      <subfield code="a">Sánchez-Proaño, Paula.</subfield>
    </datafield>
    <datafield tag="700" ind1=" " ind2=" ">
      <subfield code="a">Reich, Silvia.</subfield>
    </datafield>
    <datafield tag="245" ind1=" " ind2=" ">
      <subfield code="a">Contaminación y medio ambiente</subfield>
    </datafield>
    <datafield tag="250" ind1=" " ind2=" ">
      <subfield code="a">1a ed.</subfield>
    </datafield>
    <datafield tag="260" ind1=" " ind2=" ">
      <subfield code="a">Buenos Aires</subfield>
      <subfield code="b"> : Eudeba</subfield>
      <subfield code="c"> , c2005</subfield>
    </datafield>
    <datafield tag="440" ind1=" " ind2=" ">
      <subfield code="a">Colección ciencia joven</subfield>
      <subfield code="v">21</subfield>
    </datafield>
    <datafield tag="490" ind1=" " ind2=" ">
      <subfield code="a">Colección ciencia joven</subfield>
      <subfield code="v">21</subfield>
    </datafield>
    <datafield tag="500" ind1=" " ind2=" ">
      <subfield code="a">La fecha de reimpresión varía según el ejemplar</subfield>
    </datafield>
    <datafield tag="650" ind1=" " ind2=" ">
      <subfield code="a"> CONTAMINACION ATMOSFERICA</subfield>
    </datafield>
    <datafield tag="650" ind1=" " ind2=" ">
      <subfield code="a"> CONTAMINANTES </subfield>
    </datafield>
    <datafield tag="650" ind1=" " ind2=" ">
      <subfield code="a"> MEDIO AMBIENTE</subfield>
    </datafield>
    <datafield tag="650" ind1=" " ind2=" ">
      <subfield code="a"> DETERIORO AMBIENTAL </subfield>
    </datafield>
    <datafield tag="650" ind1=" " ind2=" ">
      <subfield code="a"> POLUCION DEL AIRE</subfield>
    </datafield>
    <datafield tag="650" ind1=" " ind2=" ">
      <subfield code="a"> POLUCION DEL SUELO</subfield>
    </datafield>
    <datafield tag="650" ind1=" " ind2=" ">
      <subfield code="a"> ARGENTINA</subfield>
    </datafield>
    <datafield tag="942" ind1=" " ind2=" ">
      <subfield code="c">BK</subfield>
    </datafield>
    <datafield tag="952" ind1=" " ind2=" ">
      <subfield code="a">BIB_RECT</subfield>
      <subfield code="b">BIB_UACO</subfield>
      <subfield code="d">2011-09-16</subfield>
      <subfield code="y">BK</subfield>
      <subfield code="p">02-41474</subfield>
      <subfield code="i">02-41474</subfield>
      <subfield code="g">24.6</subfield>
      <subfield code="o">504.3.054 C568c</subfield>
      <subfield code="e">Compra SIUNPA</subfield>
      <subfield code="8">CG</subfield>
    </datafield>
    <datafield tag="952" ind1=" " ind2=" ">
      <subfield code="a">BIB_RECT</subfield>
      <subfield code="b">BIB_UACO</subfield>
      <subfield code="d">2011-09-16</subfield>
      <subfield code="y">BK</subfield>
      <subfield code="p">02-41475</subfield>
      <subfield code="i">02-41475</subfield>
      <subfield code="g">24.6</subfield>
      <subfield code="o">504.3.054 C568c</subfield>
      <subfield code="e">Compra SIUNPA</subfield>
      <subfield code="8">CG</subfield>
    </datafield>
    <datafield tag="952" ind1=" " ind2=" ">
      <subfield code="a">BIB_RECT</subfield>
      <subfield code="b">BIB_UACO</subfield>
      <subfield code="d">2011-09-16</subfield>
      <subfield code="y">BK</subfield>
      <subfield code="p">02-41476</subfield>
      <subfield code="i">02-41476</subfield>
      <subfield code="g">24.6</subfield>
      <subfield code="o">504.3.054 C568c</subfield>
      <subfield code="e">Compra SIUNPA</subfield>
      <subfield code="8">CG</subfield>
    </datafield>
    <datafield tag="952" ind1=" " ind2=" ">
      <subfield code="a">BIB_RECT</subfield>
      <subfield code="b">BIB_UACO</subfield>
      <subfield code="d">2011-10-11</subfield>
      <subfield code="y">BK</subfield>
      <subfield code="p">02-41613</subfield>
      <subfield code="i">02-41613</subfield>
      <subfield code="g">24.6</subfield>
      <subfield code="o">504.3.054 C568c</subfield>
      <subfield code="e">Compra UACO</subfield>
      <subfield code="8">CG</subfield>
    </datafield>
    <datafield tag="952" ind1=" " ind2=" ">
      <subfield code="a">BIB_RECT</subfield>
      <subfield code="b">BIB_UACO</subfield>
      <subfield code="d">2013-08-21</subfield>
      <subfield code="y">BK</subfield>
      <subfield code="p">02-45303</subfield>
      <subfield code="i">02-45303</subfield>
      <subfield code="g">41.2</subfield>
      <subfield code="o">504.3.054 C568c</subfield>
      <subfield code="e">Compra SIUNPA</subfield>
      <subfield code="8">CG</subfield>
    </datafield>
    <datafield tag="952" ind1=" " ind2=" ">
      <subfield code="a">BIB_RECT</subfield>
      <subfield code="b">BIB_UACO</subfield>
      <subfield code="d">2013-08-21</subfield>
      <subfield code="y">BK</subfield>
      <subfield code="p">02-45304</subfield>
      <subfield code="i">02-45304</subfield>
      <subfield code="g">41.2</subfield>
      <subfield code="o">504.3.054 C568c</subfield>
      <subfield code="e">Compra SIUNPA</subfield>
      <subfield code="8">CG</subfield>
    </datafield>
    <datafield tag="952" ind1=" " ind2=" ">
      <subfield code="a">BIB_RECT</subfield>
      <subfield code="b">BIB_UACO</subfield>
      <subfield code="d">2013-08-21</subfield>
      <subfield code="y">BK</subfield>
      <subfield code="p">02-45305</subfield>
      <subfield code="i">02-45305</subfield>
      <subfield code="g">41.2</subfield>
      <subfield code="o">504.3.054 C568c</subfield>
      <subfield code="e">Compra SIUNPA</subfield>
      <subfield code="8">CG</subfield>
    </datafield>
    <datafield tag="952" ind1=" " ind2=" ">
      <subfield code="a">BIB_RECT</subfield>
      <subfield code="b">BIB_UACO</subfield>
      <subfield code="d">2013-08-21</subfield>
      <subfield code="y">BK</subfield>
      <subfield code="p">02-45306</subfield>
      <subfield code="i">02-45306</subfield>
      <subfield code="g">41.2</subfield>
      <subfield code="o">504.3.054 C568c</subfield>
      <subfield code="e">Compra SIUNPA</subfield>
      <subfield code="8">CG</subfield>
    </datafield>
    <datafield tag="952" ind1=" " ind2=" ">
      <subfield code="a">BIB_RECT</subfield>
      <subfield code="b">BIB_UACO</subfield>
      <subfield code="d">2013-08-21</subfield>
      <subfield code="y">BK</subfield>
      <subfield code="p">02-45307</subfield>
      <subfield code="i">02-45307</subfield>
      <subfield code="g">41.2</subfield>
      <subfield code="o">504.3.054 C568c</subfield>
      <subfield code="e">Compra SIUNPA</subfield>
      <subfield code="8">CG</subfield>
    </datafield>
    <datafield tag="952" ind1=" " ind2=" ">
      <subfield code="a">BIB_RECT</subfield>
      <subfield code="b">BIB_UASJ</subfield>
      <subfield code="d">2007-05-15</subfield>
      <subfield code="y">BK</subfield>
      <subfield code="p">04-32060</subfield>
      <subfield code="i">04-32060</subfield>
      <subfield code="g">10</subfield>
      <subfield code="o">504.3.054 C568c</subfield>
      <subfield code="e">SIUNPA</subfield>
      <subfield code="8">CG</subfield>
    </datafield>
    <datafield tag="952" ind1=" " ind2=" ">
      <subfield code="a">BIB_RECT</subfield>
      <subfield code="b">SAT_GREG</subfield>
      <subfield code="d">2007-06-13</subfield>
      <subfield code="y">BK</subfield>
      <subfield code="p">18-32405</subfield>
      <subfield code="i">18-32405</subfield>
      <subfield code="g">10</subfield>
      <subfield code="o">504.3.054 C568c</subfield>
      <subfield code="e">SIUNPA</subfield>
      <subfield code="8">CG</subfield>
    </datafield>
  </record>