
  <record>
    <leader>01000aam  22002601a 4500</leader>
    <controlfield tag="001">YPZ86445</controlfield>
    <controlfield tag="003">YPZ</controlfield>
    <controlfield tag="005">200705301432130</controlfield>
    <controlfield tag="008">070530|###########||||||b||||||||||spa|d</controlfield>
    <datafield tag="020" ind1=" " ind2=" ">
      <subfield code="a">9505044209</subfield>
    </datafield>
    <datafield tag="040" ind1=" " ind2=" ">
      <subfield code="c">SIUNPA</subfield>
    </datafield>
    <datafield tag="041" ind1=" " ind2=" ">
      <subfield code="a">spa</subfield>
    </datafield>
    <datafield tag="044" ind1=" " ind2=" ">
      <subfield code="a">AR</subfield>
    </datafield>
    <datafield tag="080" ind1=" " ind2=" ">
      <subfield code="a">556.55 C689m</subfield>
    </datafield>
    <datafield tag="100" ind1=" " ind2=" ">
      <subfield code="a">Cole, Gerald A..</subfield>
    </datafield>
    <datafield tag="245" ind1=" " ind2=" ">
      <subfield code="a">Manual de limnología</subfield>
      <subfield code="c"> / Jorajuria, Adriana. tr. de toda la obra excepto el capítulo 5 ; Pessi Albisu, Malena, tr. del capítulo 5</subfield>
    </datafield>
    <datafield tag="250" ind1=" " ind2=" ">
      <subfield code="a">1a ed.</subfield>
    </datafield>
    <datafield tag="260" ind1=" " ind2=" ">
      <subfield code="a">Buenos Aires</subfield>
      <subfield code="b"> : Hemisferio Sur</subfield>
      <subfield code="c"> , 1988</subfield>
    </datafield>
    <datafield tag="650" ind1=" " ind2=" ">
      <subfield code="a"> LIMNOLOGIA</subfield>
    </datafield>
    <datafield tag="650" ind1=" " ind2=" ">
      <subfield code="a"> OCEANOLOGIA </subfield>
    </datafield>
    <datafield tag="650" ind1=" " ind2=" ">
      <subfield code="a"> LAGOS</subfield>
    </datafield>
    <datafield tag="650" ind1=" " ind2=" ">
      <subfield code="a"> HIDROBIOLOGIA</subfield>
    </datafield>
    <datafield tag="650" ind1=" " ind2=" ">
      <subfield code="a"> ECOLOGIA DE AGUA DULCE</subfield>
    </datafield>
    <datafield tag="650" ind1=" " ind2=" ">
      <subfield code="a"> AGUA DULCE </subfield>
    </datafield>
    <datafield tag="650" ind1=" " ind2=" ">
      <subfield code="a"> ECOSISTEMAS</subfield>
    </datafield>
    <datafield tag="942" ind1=" " ind2=" ">
      <subfield code="c">BK</subfield>
    </datafield>
    <datafield tag="952" ind1=" " ind2=" ">
      <subfield code="a">BIB_RECT</subfield>
      <subfield code="b">BIB_UARG</subfield>
      <subfield code="d">2006-08-28</subfield>
      <subfield code="y">BK</subfield>
      <subfield code="p">05-11987</subfield>
      <subfield code="i">05-11987</subfield>
      <subfield code="g">0</subfield>
      <subfield code="o">556.55 C689m</subfield>
      <subfield code="e"/>
      <subfield code="8">CG</subfield>
    </datafield>
    <datafield tag="952" ind1=" " ind2=" ">
      <subfield code="a">BIB_RECT</subfield>
      <subfield code="b">BIB_UARG</subfield>
      <subfield code="d">2006-08-28</subfield>
      <subfield code="y">BK</subfield>
      <subfield code="p">05-11988</subfield>
      <subfield code="i">05-11988</subfield>
      <subfield code="g">0</subfield>
      <subfield code="o">556.55 C689m</subfield>
      <subfield code="e"/>
      <subfield code="8">CG</subfield>
    </datafield>
    <datafield tag="952" ind1=" " ind2=" ">
      <subfield code="a">BIB_RECT</subfield>
      <subfield code="b">BIB_UARG</subfield>
      <subfield code="d">2006-08-28</subfield>
      <subfield code="y">BK</subfield>
      <subfield code="p">05-11989</subfield>
      <subfield code="i">05-11989</subfield>
      <subfield code="g">0</subfield>
      <subfield code="o">556.55 C689m</subfield>
      <subfield code="e"/>
      <subfield code="8">CG</subfield>
    </datafield>
    <datafield tag="952" ind1=" " ind2=" ">
      <subfield code="a">BIB_RECT</subfield>
      <subfield code="b">BIB_UARG</subfield>
      <subfield code="d">2007-05-15</subfield>
      <subfield code="y">BK</subfield>
      <subfield code="p">05-32133</subfield>
      <subfield code="i">05-32133</subfield>
      <subfield code="g">25.8</subfield>
      <subfield code="o">556.55 C689m</subfield>
      <subfield code="e">SIUNPA</subfield>
      <subfield code="8">CG</subfield>
    </datafield>
    <datafield tag="952" ind1=" " ind2=" ">
      <subfield code="a">BIB_RECT</subfield>
      <subfield code="b">BIB_UARG</subfield>
      <subfield code="d">2007-05-15</subfield>
      <subfield code="y">BK</subfield>
      <subfield code="p">05-32134</subfield>
      <subfield code="i">05-32134</subfield>
      <subfield code="g">25.8</subfield>
      <subfield code="o">556.55 C689m</subfield>
      <subfield code="e">SIUNPA</subfield>
      <subfield code="8">CG</subfield>
    </datafield>
    <datafield tag="952" ind1=" " ind2=" ">
      <subfield code="a">BIB_RECT</subfield>
      <subfield code="b">BIB_UARG</subfield>
      <subfield code="d">2007-05-17</subfield>
      <subfield code="y">BK</subfield>
      <subfield code="p">05-32135</subfield>
      <subfield code="i">05-32135</subfield>
      <subfield code="g">25.8</subfield>
      <subfield code="o">556.55 C689m</subfield>
      <subfield code="e">SIUNPA</subfield>
      <subfield code="8">CG</subfield>
    </datafield>
  </record>
  <record>
    <leader>01000aam  22002601a 4500</leader>
    <controlfield tag="001">YPZ86446</controlfield>
    <controlfield tag="003">YPZ</controlfield>
    <controlfield tag="005">200705301522490</controlfield>
    <controlfield tag="008">070530|###########||||||b||||||||||spa|d</controlfield>
    <datafield tag="020" ind1=" " ind2=" ">
      <subfield code="a">8446014580</subfield>
    </datafield>
    <datafield tag="040" ind1=" " ind2=" ">
      <subfield code="c">SIUNPA</subfield>
    </datafield>
    <datafield tag="041" ind1=" " ind2=" ">
      <subfield code="a">spa</subfield>
    </datafield>
    <datafield tag="044" ind1=" " ind2=" ">
      <subfield code="a">ES</subfield>
    </datafield>
    <datafield tag="080" ind1=" " ind2=" ">
      <subfield code="a">R94(4)(038) D545d</subfield>
    </datafield>
    <datafield tag="245" ind1=" " ind2=" ">
      <subfield code="a">Diccionario razonado del occidente medieval</subfield>
      <subfield code="c"> / Le Goff, Jacques, ed. ; Schmitt, Jean-Claude, ed. ; Alessio, Franco, colaborador ; Amalvi, Christian, colaborador ; Arnaldi, Girolamo, colaborador ; Balard, Michel, colaborador ; Barthélemy, Dominique, colaborador ; Bachet, Jérôme, colaborador ; Batany, Jean, colaborador ; Beaujouan, Guy, colaborador ; Berlioz, Jacques, colaborador ; Bisson, Thomas N., colaborador ; Boesch Gajano, Sofia, colaboradora ; Bonnassie, Pirre, colaborador ; Boureau, Alain, colaborador ; Braunstein, Philippe, colaborador ; Bresc, Henri, colaborador ; Cardini, Franco, colaborador ; Casagrande, Carla, colaboradora ; Chiffoleau, Jacques, colaborador ; Crombie, Alistair, colaborador ; Delort, Robert, colaborador ; Ducellier, Alain, colaborador ; Erlande-Brandenburg, Alain, colaborador ; Faure, Philippe, colaborador ; Flori, Jean, colaborador ; Fossier, Robert, colaborador ; Gauvard, Claude, colaborador ; Geary, Patrick, colaborador ; Genet, Jean-Philippe, colaborador ; Génicot, Léopold, colaborador ; Gourevitch, Aaron, colaborador ; Gregory, Tullio, colaborador ; Guenée, Bernard, colaborador ; Guerreau, Alain, colaborador ; Guerreau-Jalabert, Anita, colaboradora ; Guichard, Pierre, colaborador ; Iogna-Prat, Dominique, colaborador ; Kaplisch-Zuber, Christiane, colaboradora ; Kriegel, Maurice, colaborador ; Lauwers, Michel, colaborador ; Little, Lester K., colaborador ; Lobrichon, Guy, colaborador ; Mehl, Jean-Michel, colaborador ; Millet, Hélène, colaboradora ; Monnet, Pierre, colaborador ; Montanari, Massimo, colaborador ; Murray, Alexander, colaborador ; North, John, colaborador ; Oexle, Otto Gerhard, colaborador ; Paravicini Bagliani, Agostino, colaborador ; Parisse, Michel, colaborador ; Pastoureau, Michel, colaborador ; Pesez, Jean-Marie, colaborador ; Piponnier, Françoise, colaborador ; Polo de Beaulieu, Marie-Anne, colaboradora ; Pouchelle, Marie-Christine, colaboradora ; Régnier-Bholer, Danielle, colaboradora ; Rossiaud, Jacques, colaborador ; Sot, Michel, colaborador ; Töpfer, Bernhard, colaborador ; Vauchez, André, colaborador ; Vecchio, Silvana, colaboradora ; Verger, Jacques, colaborador ; Zaremska, Hanna, colaboradora ; Zerner, Monique, colaboradora ; Zink, Michel, colaborador ; Carrasco Manchado, Ana Isabel, tr.</subfield>
    </datafield>
    <datafield tag="260" ind1=" " ind2=" ">
      <subfield code="a">Madrid</subfield>
      <subfield code="b"> : Akal</subfield>
      <subfield code="c"> , 2003</subfield>
    </datafield>
    <datafield tag="440" ind1=" " ind2=" ">
      <subfield code="a">Colección Estructuras y procesos. Serie Filosofía</subfield>
      <subfield code="a">Akal / Diccionarios</subfield>
      <subfield code="v">36</subfield>
    </datafield>
    <datafield tag="490" ind1=" " ind2=" ">
      <subfield code="a">Colección Estructuras y procesos. Serie Filosofía</subfield>
      <subfield code="a">Akal / Diccionarios</subfield>
      <subfield code="v">36</subfield>
    </datafield>
    <datafield tag="650" ind1=" " ind2=" ">
      <subfield code="a"> DICCIONARIO</subfield>
    </datafield>
    <datafield tag="650" ind1=" " ind2=" ">
      <subfield code="a"> EDAD MEDIA</subfield>
    </datafield>
    <datafield tag="650" ind1=" " ind2=" ">
      <subfield code="a"> HISTORIA MEDIEVAL</subfield>
    </datafield>
    <datafield tag="650" ind1=" " ind2=" ">
      <subfield code="a"> HISTORIA DE EUROPA</subfield>
    </datafield>
    <datafield tag="942" ind1=" " ind2=" ">
      <subfield code="c">BK</subfield>
    </datafield>
    <datafield tag="952" ind1=" " ind2=" ">
      <subfield code="a">BIB_RECT</subfield>
      <subfield code="b">BIB_UARG</subfield>
      <subfield code="d">2007-05-15</subfield>
      <subfield code="y">BK</subfield>
      <subfield code="p">05-32157</subfield>
      <subfield code="i">05-32157</subfield>
      <subfield code="g">329</subfield>
      <subfield code="o">R94(4)(038) D545d</subfield>
      <subfield code="e">SIUNPA</subfield>
      <subfield code="7">4</subfield>
      <subfield code="8">CR</subfield>
    </datafield>
    <datafield tag="952" ind1=" " ind2=" ">
      <subfield code="a">BIB_RECT</subfield>
      <subfield code="b">BIB_UARG</subfield>
      <subfield code="d">2009-02-16</subfield>
      <subfield code="y">BK</subfield>
      <subfield code="p">05-37024</subfield>
      <subfield code="i">05-37024</subfield>
      <subfield code="g">422</subfield>
      <subfield code="o">R94(4)(038) D545d</subfield>
      <subfield code="e">Compra SIUNPA</subfield>
      <subfield code="7">4</subfield>
      <subfield code="8">CR</subfield>
    </datafield>
  </record>