
  <record>
    <leader>01000aam  22002601a 4500</leader>
    <controlfield tag="001">YPZ86447</controlfield>
    <controlfield tag="003">YPZ</controlfield>
    <controlfield tag="005">200705311218460</controlfield>
    <controlfield tag="008">070531|###########||||||b||||||||||spa|d</controlfield>
    <datafield tag="020" ind1=" " ind2=" ">
      <subfield code="a">8497840275</subfield>
    </datafield>
    <datafield tag="040" ind1=" " ind2=" ">
      <subfield code="c">SIUNPA</subfield>
    </datafield>
    <datafield tag="041" ind1=" " ind2=" ">
      <subfield code="a">spa</subfield>
    </datafield>
    <datafield tag="044" ind1=" " ind2=" ">
      <subfield code="a">ES</subfield>
    </datafield>
    <datafield tag="080" ind1=" " ind2=" ">
      <subfield code="a">159.955 B894r</subfield>
    </datafield>
    <datafield tag="100" ind1=" " ind2=" ">
      <subfield code="a">Bruner, Jerome S..</subfield>
    </datafield>
    <datafield tag="245" ind1=" " ind2=" ">
      <subfield code="a">Realidad mental y mundos posibles</subfield>
      <subfield code="b"> : los actos de la imaginación que dan sentido a la experiencia</subfield>
      <subfield code="c"> / López, Beatriz, tr.</subfield>
    </datafield>
    <datafield tag="250" ind1=" " ind2=" ">
      <subfield code="a">1a ed.</subfield>
    </datafield>
    <datafield tag="260" ind1=" " ind2=" ">
      <subfield code="a">Barcelona</subfield>
      <subfield code="b"> : Gedisa</subfield>
      <subfield code="c"> , 2004</subfield>
    </datafield>
    <datafield tag="440" ind1=" " ind2=" ">
      <subfield code="a">Biblioteca de Educación. Psicología cognitiva, Cultura y Educación</subfield>
      <subfield code="v">5</subfield>
    </datafield>
    <datafield tag="490" ind1=" " ind2=" ">
      <subfield code="a">Biblioteca de Educación. Psicología cognitiva, Cultura y Educación</subfield>
      <subfield code="v">5</subfield>
    </datafield>
    <datafield tag="650" ind1=" " ind2=" ">
      <subfield code="a"> PROCESOS MENTALES SUPERIORES</subfield>
    </datafield>
    <datafield tag="650" ind1=" " ind2=" ">
      <subfield code="a"> PENSAMIENTO</subfield>
    </datafield>
    <datafield tag="650" ind1=" " ind2=" ">
      <subfield code="a"> IMAGINACION </subfield>
    </datafield>
    <datafield tag="650" ind1=" " ind2=" ">
      <subfield code="a"> LENGUAJE</subfield>
    </datafield>
    <datafield tag="650" ind1=" " ind2=" ">
      <subfield code="a"> PROCESOS COGNITIVOS</subfield>
    </datafield>
    <datafield tag="650" ind1=" " ind2=" ">
      <subfield code="a"> VIGOTSKY, LEV (1896</subfield>
    </datafield>
    <datafield tag="650" ind1=" " ind2=" ">
      <subfield code="a">1934) </subfield>
    </datafield>
    <datafield tag="650" ind1=" " ind2=" ">
      <subfield code="a"> GOODMAN, NELSON, (1906</subfield>
    </datafield>
    <datafield tag="650" ind1=" " ind2=" ">
      <subfield code="a">1998)</subfield>
    </datafield>
    <datafield tag="942" ind1=" " ind2=" ">
      <subfield code="c">BK</subfield>
    </datafield>
    <datafield tag="952" ind1=" " ind2=" ">
      <subfield code="a">BIB_RECT</subfield>
      <subfield code="b">BIB_UARG</subfield>
      <subfield code="d">2007-05-15</subfield>
      <subfield code="y">BK</subfield>
      <subfield code="p">05-32127</subfield>
      <subfield code="i">05-32127</subfield>
      <subfield code="g">35.26</subfield>
      <subfield code="o">159.955 B894r</subfield>
      <subfield code="e">SIUNPA</subfield>
      <subfield code="8">CG</subfield>
    </datafield>
    <datafield tag="952" ind1=" " ind2=" ">
      <subfield code="a">BIB_RECT</subfield>
      <subfield code="b">BIB_UARG</subfield>
      <subfield code="d">2007-05-15</subfield>
      <subfield code="y">BK</subfield>
      <subfield code="p">05-32128</subfield>
      <subfield code="i">05-32128</subfield>
      <subfield code="g">35.26</subfield>
      <subfield code="o">159.955 B894r</subfield>
      <subfield code="e">SIUNPA</subfield>
      <subfield code="8">CG</subfield>
    </datafield>
    <datafield tag="952" ind1=" " ind2=" ">
      <subfield code="a">BIB_RECT</subfield>
      <subfield code="b">BIB_UARG</subfield>
      <subfield code="d">2007-05-15</subfield>
      <subfield code="y">BK</subfield>
      <subfield code="p">05-32129</subfield>
      <subfield code="i">05-32129</subfield>
      <subfield code="g">35.26</subfield>
      <subfield code="o">159.955 B894r</subfield>
      <subfield code="e">SIUNPA</subfield>
      <subfield code="8">CG</subfield>
    </datafield>
    <datafield tag="952" ind1=" " ind2=" ">
      <subfield code="a">BIB_RECT</subfield>
      <subfield code="b">BIB_UARG</subfield>
      <subfield code="d">2009-05-06</subfield>
      <subfield code="y">BK</subfield>
      <subfield code="p">05-37694</subfield>
      <subfield code="i">05-37694</subfield>
      <subfield code="g">36</subfield>
      <subfield code="o">159.955 B894r</subfield>
      <subfield code="e">PI/29A 163</subfield>
      <subfield code="8">CG</subfield>
    </datafield>
  </record>