
  <record>
    <leader>01000aam  22002601a 4500</leader>
    <controlfield tag="001">YPZ86477</controlfield>
    <controlfield tag="003">YPZ</controlfield>
    <controlfield tag="005">200706041850500</controlfield>
    <controlfield tag="008">070604|###########||||||b||||||||||spa|d</controlfield>
    <datafield tag="020" ind1=" " ind2=" ">
      <subfield code="a">950518901X</subfield>
    </datafield>
    <datafield tag="040" ind1=" " ind2=" ">
      <subfield code="c">SIUNPA</subfield>
    </datafield>
    <datafield tag="041" ind1=" " ind2=" ">
      <subfield code="a">spa</subfield>
    </datafield>
    <datafield tag="044" ind1=" " ind2=" ">
      <subfield code="a">AR</subfield>
    </datafield>
    <datafield tag="080" ind1=" " ind2=" ">
      <subfield code="a">R159.95(038) D545d</subfield>
    </datafield>
    <datafield tag="100" ind1=" " ind2=" ">
      <subfield code="a">Houdé, Olivier.</subfield>
    </datafield>
    <datafield tag="700" ind1=" " ind2=" ">
      <subfield code="a">Kayser, Daniel.</subfield>
    </datafield>
    <datafield tag="700" ind1=" " ind2=" ">
      <subfield code="a">Koenig, Olivier.</subfield>
    </datafield>
    <datafield tag="700" ind1=" " ind2=" ">
      <subfield code="a">Proust, Joëlle.</subfield>
    </datafield>
    <datafield tag="700" ind1=" " ind2=" ">
      <subfield code="a">Rastier, François.</subfield>
    </datafield>
    <datafield tag="245" ind1=" " ind2=" ">
      <subfield code="a">Diccionario de ciencias cognitivas</subfield>
      <subfield code="b"> : neurociencia, psicología, inteligencia artificial, lingüística y filosofía</subfield>
      <subfield code="c"> / Molinari Marotto, Carlo R.</subfield>
    </datafield>
    <datafield tag="260" ind1=" " ind2=" ">
      <subfield code="a">Buenos Aires</subfield>
      <subfield code="b"> : Amorrortu</subfield>
      <subfield code="c"> , 2003</subfield>
    </datafield>
    <datafield tag="650" ind1=" " ind2=" ">
      <subfield code="a"> PSICOLOGIA DEL CONOCIMIENTO</subfield>
    </datafield>
    <datafield tag="650" ind1=" " ind2=" ">
      <subfield code="a"> PROCESOS MENTALES SUPERIORES</subfield>
    </datafield>
    <datafield tag="650" ind1=" " ind2=" ">
      <subfield code="a"> COGNICION</subfield>
    </datafield>
    <datafield tag="650" ind1=" " ind2=" ">
      <subfield code="a"> DICCIONARIO</subfield>
    </datafield>
    <datafield tag="942" ind1=" " ind2=" ">
      <subfield code="c">BK</subfield>
    </datafield>
    <datafield tag="952" ind1=" " ind2=" ">
      <subfield code="a">BIB_RECT</subfield>
      <subfield code="b">BIB_UACO</subfield>
      <subfield code="d">2007-05-18</subfield>
      <subfield code="y">BK</subfield>
      <subfield code="p">02-32272</subfield>
      <subfield code="i">02-32272</subfield>
      <subfield code="g">63.2</subfield>
      <subfield code="o">R159.95(038) D545d</subfield>
      <subfield code="e">SIUNPA</subfield>
      <subfield code="7">4</subfield>
      <subfield code="8">CR</subfield>
    </datafield>
  </record>