
  <record>
    <leader>01000aam  22002601a 4500</leader>
    <controlfield tag="001">YPZ86488</controlfield>
    <controlfield tag="003">YPZ</controlfield>
    <controlfield tag="005">200706061419410</controlfield>
    <controlfield tag="008">070606|###########||||||b||||||||||spa|d</controlfield>
    <datafield tag="020" ind1=" " ind2=" ">
      <subfield code="a">9706865527</subfield>
    </datafield>
    <datafield tag="020" ind1=" " ind2=" ">
      <subfield code="a">9789706865526</subfield>
    </datafield>
    <datafield tag="040" ind1=" " ind2=" ">
      <subfield code="c">SIUNPA</subfield>
    </datafield>
    <datafield tag="041" ind1=" " ind2=" ">
      <subfield code="a">spa</subfield>
    </datafield>
    <datafield tag="044" ind1=" " ind2=" ">
      <subfield code="a">MX</subfield>
    </datafield>
    <datafield tag="080" ind1=" " ind2=" ">
      <subfield code="a">54 K878q6</subfield>
    </datafield>
    <datafield tag="100" ind1=" " ind2=" ">
      <subfield code="a">Kotz, John C..</subfield>
    </datafield>
    <datafield tag="700" ind1=" " ind2=" ">
      <subfield code="a">Treichel, Paul M..</subfield>
    </datafield>
    <datafield tag="700" ind1=" " ind2=" ">
      <subfield code="a">Weaver, Gabriela C..</subfield>
    </datafield>
    <datafield tag="245" ind1=" " ind2=" ">
      <subfield code="a">Química y reactividad química</subfield>
      <subfield code="b"> : sexta edición</subfield>
      <subfield code="c"> / Reza García, Clemente, rev. técnica ; Ortiz Esquivel, Laura R., rev. técnica ; Garduño Sánchez, Gustavo, rev. técnica ; Aguilar Ortega, María Teresa, tr. ; Hidalgo, Consuelo, tr.</subfield>
    </datafield>
    <datafield tag="250" ind1=" " ind2=" ">
      <subfield code="a">6a ed.</subfield>
    </datafield>
    <datafield tag="260" ind1=" " ind2=" ">
      <subfield code="a">México, D.F.</subfield>
      <subfield code="b"> : Thomson</subfield>
      <subfield code="c"> , c2005</subfield>
    </datafield>
    <datafield tag="300" ind1=" " ind2=" ">
      <subfield code="a">xl, 1088 p. : </subfield>
      <subfield code="a">2 v. : </subfield>
      <subfield code="b">gráficos ; </subfield>
      <subfield code="a">142 p. : </subfield>
      <subfield code="b">il. ; </subfield>
      <subfield code="a">463 p. : </subfield>
      <subfield code="b">il. ; </subfield>
      <subfield code="a">346 p. : </subfield>
      <subfield code="a">135 p. : </subfield>
      <subfield code="a">342 p. : </subfield>
      <subfield code="b">il. ; </subfield>
      <subfield code="a">364 p. : </subfield>
      <subfield code="a">xvi,[656] p. en varias paginaciones : </subfield>
      <subfield code="b">il. ; </subfield>
      <subfield code="a">155 p. : </subfield>
      <subfield code="a">85 p. : </subfield>
      <subfield code="b">il. ; </subfield>
      <subfield code="a">279 p. : </subfield>
      <subfield code="a">326 p. : </subfield>
      <subfield code="b">il. ; </subfield>
      <subfield code="a">262 p. : </subfield>
      <subfield code="a">93 p. : </subfield>
      <subfield code="b">il. ; </subfield>
      <subfield code="a">265 p. : </subfield>
      <subfield code="b">il. ; </subfield>
      <subfield code="a">113 p. : </subfield>
      <subfield code="b">il. ; </subfield>
      <subfield code="a">436 p. : </subfield>
      <subfield code="b">il. ; </subfield>
      <subfield code="a">165 p. : </subfield>
      <subfield code="b">il. ; </subfield>
      <subfield code="a">151 p. : </subfield>
      <subfield code="b">il. ; </subfield>
      <subfield code="a">63 p. : </subfield>
      <subfield code="b">il. ; </subfield>
      <subfield code="a">155 p. : </subfield>
      <subfield code="a">139 p. : </subfield>
      <subfield code="b">il. ; </subfield>
      <subfield code="a">135 p. : </subfield>
      <subfield code="b">il. ; </subfield>
      <subfield code="a">203 p. : </subfield>
      <subfield code="b">il. ; </subfield>
      <subfield code="a">141 p. : </subfield>
      <subfield code="b">il. ; </subfield>
      <subfield code="a">xxix, 779 p. : </subfield>
      <subfield code="a">222 p. : </subfield>
      <subfield code="a">127 p. : </subfield>
      <subfield code="b">il. ; </subfield>
      <subfield code="a">105 p. : </subfield>
      <subfield code="a">190 p. : </subfield>
      <subfield code="a">xx, 514 p. : </subfield>
      <subfield code="b">il. ; </subfield>
      <subfield code="a">99 p. : </subfield>
      <subfield code="b">il. ; </subfield>
      <subfield code="a">120 p. : </subfield>
      <subfield code="b">il. ; </subfield>
      <subfield code="a">98 p. : </subfield>
      <subfield code="b">il. ; </subfield>
      <subfield code="a">103 p. : </subfield>
      <subfield code="b">il. ; </subfield>
      <subfield code="a">83 p. : </subfield>
      <subfield code="b">il. ; </subfield>
      <subfield code="a">97 p. : </subfield>
      <subfield code="b">il. ; </subfield>
      <subfield code="a">101 p. : </subfield>
      <subfield code="b">il. ; </subfield>
      <subfield code="a">473 p. : </subfield>
      <subfield code="b">cuadros ; </subfield>
      <subfield code="a">286 p. : </subfield>
      <subfield code="a">196 p. : </subfield>
      <subfield code="a">405 p. : </subfield>
      <subfield code="b">il. ; </subfield>
      <subfield code="a">816 p. : </subfield>
      <subfield code="b">il. ; </subfield>
      <subfield code="a">182 p. : </subfield>
      <subfield code="a">374 p. : </subfield>
      <subfield code="b">il. ; </subfield>
      <subfield code="a">529 p. : </subfield>
      <subfield code="a">312 p. : </subfield>
      <subfield code="a">222 p. : </subfield>
      <subfield code="a">xxii, 714 p. : </subfield>
      <subfield code="b">il. ; </subfield>
      <subfield code="a">xxi, 741 p. : </subfield>
      <subfield code="b">il. ; </subfield>
      <subfield code="a">xvi, 722 p. : </subfield>
      <subfield code="b">il. ; </subfield>
      <subfield code="a">171 p. : </subfield>
      <subfield code="a">374 p. : </subfield>
      <subfield code="a">541 p. : </subfield>
      <subfield code="b">il. ; </subfield>
      <subfield code="a">223 p. : </subfield>
      <subfield code="a">383 p. : </subfield>
      <subfield code="b">il. ; </subfield>
      <subfield code="a">xvi, 420 p. : </subfield>
      <subfield code="b">il. ; </subfield>
      <subfield code="a">145 p. : </subfield>
      <subfield code="a">522 p. : </subfield>
      <subfield code="b">il. ; </subfield>
      <subfield code="a">xii, 314 p. : </subfield>
      <subfield code="b">il. ; </subfield>
      <subfield code="a">xv, 432 p. : </subfield>
      <subfield code="b">il. ; </subfield>
      <subfield code="a">114 p. : </subfield>
      <subfield code="b">il. ; </subfield>
      <subfield code="a">153 p. : </subfield>
      <subfield code="b">il. ; </subfield>
      <subfield code="a">110 p. : </subfield>
      <subfield code="a">153 p. : </subfield>
      <subfield code="b">il. ; </subfield>
      <subfield code="a">239 p. : </subfield>
      <subfield code="a">84 p. : </subfield>
      <subfield code="b">il. ; </subfield>
      <subfield code="a">218 p. : </subfield>
      <subfield code="a">xxxiii, 497 p. : </subfield>
      <subfield code="a">228 p. : </subfield>
      <subfield code="b">il. ; </subfield>
      <subfield code="a">508 p. : </subfield>
      <subfield code="a">2 v. : </subfield>
      <subfield code="a">xxii, 444 p. : </subfield>
      <subfield code="a">xvii, 596 p. : </subfield>
      <subfield code="b">il. ; </subfield>
      <subfield code="a">xliv, [1129] p. en varias paginaciones : </subfield>
      <subfield code="b">il. ; </subfield>
      <subfield code="e">2 CD-ROM en bolsillo</subfield>
    </datafield>
    <datafield tag="500" ind1=" " ind2=" ">
      <subfield code="a">Contenido del CD-ROM: Química General Interactiva</subfield>
    </datafield>
    <datafield tag="500" ind1=" " ind2=" ">
      <subfield code="a">El año de impresión varía según el ejemplar</subfield>
    </datafield>
    <datafield tag="650" ind1=" " ind2=" ">
      <subfield code="a"> QUIMICA</subfield>
    </datafield>
    <datafield tag="650" ind1=" " ind2=" ">
      <subfield code="a"> REACCIONES QUIMICAS</subfield>
    </datafield>
    <datafield tag="942" ind1=" " ind2=" ">
      <subfield code="c">BK</subfield>
    </datafield>
    <datafield tag="952" ind1=" " ind2=" ">
      <subfield code="a">BIB_RECT</subfield>
      <subfield code="b">BIB_UARG</subfield>
      <subfield code="d">2007-06-04</subfield>
      <subfield code="y">BK</subfield>
      <subfield code="p">05-32311</subfield>
      <subfield code="i">05-32311</subfield>
      <subfield code="g">119</subfield>
      <subfield code="o">54 K878q6</subfield>
      <subfield code="e">SIUNPA</subfield>
      <subfield code="8">CG</subfield>
    </datafield>
    <datafield tag="952" ind1=" " ind2=" ">
      <subfield code="a">BIB_RECT</subfield>
      <subfield code="b">BIB_UARG</subfield>
      <subfield code="d">2007-06-04</subfield>
      <subfield code="y">BK</subfield>
      <subfield code="p">05-32312</subfield>
      <subfield code="i">05-32312</subfield>
      <subfield code="g">119</subfield>
      <subfield code="o">54 K878q6</subfield>
      <subfield code="e">SIUNPA</subfield>
      <subfield code="8">CG</subfield>
    </datafield>
    <datafield tag="952" ind1=" " ind2=" ">
      <subfield code="a">BIB_RECT</subfield>
      <subfield code="b">BIB_UARG</subfield>
      <subfield code="d">2007-06-04</subfield>
      <subfield code="y">BK</subfield>
      <subfield code="p">05-32313</subfield>
      <subfield code="i">05-32313</subfield>
      <subfield code="g">119</subfield>
      <subfield code="o">54 K878q6</subfield>
      <subfield code="e">SIUNPA</subfield>
      <subfield code="8">CG</subfield>
    </datafield>
    <datafield tag="952" ind1=" " ind2=" ">
      <subfield code="a">BIB_RECT</subfield>
      <subfield code="b">BIB_UARG</subfield>
      <subfield code="d">2007-06-04</subfield>
      <subfield code="y">BK</subfield>
      <subfield code="p">05-32314</subfield>
      <subfield code="i">05-32314</subfield>
      <subfield code="g">119</subfield>
      <subfield code="o">54 K878q6</subfield>
      <subfield code="e">SIUNPA</subfield>
      <subfield code="8">CG</subfield>
    </datafield>
    <datafield tag="952" ind1=" " ind2=" ">
      <subfield code="a">BIB_RECT</subfield>
      <subfield code="b">BIB_UARG</subfield>
      <subfield code="d">2007-06-04</subfield>
      <subfield code="y">BK</subfield>
      <subfield code="p">05-32315</subfield>
      <subfield code="i">05-32315</subfield>
      <subfield code="g">119</subfield>
      <subfield code="o">54 K878q6</subfield>
      <subfield code="e">SIUNPA</subfield>
      <subfield code="8">CG</subfield>
    </datafield>
    <datafield tag="952" ind1=" " ind2=" ">
      <subfield code="a">BIB_RECT</subfield>
      <subfield code="b">BIB_UARG</subfield>
      <subfield code="d">2007-06-04</subfield>
      <subfield code="y">BK</subfield>
      <subfield code="p">05-32316</subfield>
      <subfield code="i">05-32316</subfield>
      <subfield code="g">119</subfield>
      <subfield code="o">54 K878q6</subfield>
      <subfield code="e">SIUNPA</subfield>
      <subfield code="8">CG</subfield>
    </datafield>
    <datafield tag="952" ind1=" " ind2=" ">
      <subfield code="a">BIB_RECT</subfield>
      <subfield code="b">BIB_UARG</subfield>
      <subfield code="d">2011-09-14</subfield>
      <subfield code="y">BK</subfield>
      <subfield code="p">05-41434</subfield>
      <subfield code="i">05-41434</subfield>
      <subfield code="g">203.7</subfield>
      <subfield code="o">54 K878q6</subfield>
      <subfield code="e">Compra SIUNPA</subfield>
      <subfield code="8">CG</subfield>
    </datafield>
    <datafield tag="952" ind1=" " ind2=" ">
      <subfield code="a">BIB_RECT</subfield>
      <subfield code="b">BIB_UARG</subfield>
      <subfield code="d">2011-09-14</subfield>
      <subfield code="y">BK</subfield>
      <subfield code="p">05-41435</subfield>
      <subfield code="i">05-41435</subfield>
      <subfield code="g">203.7</subfield>
      <subfield code="o">54 K878q6</subfield>
      <subfield code="e">Compra SIUNPA</subfield>
      <subfield code="8">CG</subfield>
    </datafield>
    <datafield tag="952" ind1=" " ind2=" ">
      <subfield code="a">BIB_RECT</subfield>
      <subfield code="b">BIB_UARG</subfield>
      <subfield code="d">2011-09-14</subfield>
      <subfield code="y">BK</subfield>
      <subfield code="p">05-41436</subfield>
      <subfield code="i">05-41436</subfield>
      <subfield code="g">203.7</subfield>
      <subfield code="o">54 K878q6</subfield>
      <subfield code="e">Compra SIUNPA</subfield>
      <subfield code="8">CG</subfield>
    </datafield>
    <datafield tag="952" ind1=" " ind2=" ">
      <subfield code="a">BIB_RECT</subfield>
      <subfield code="b">BIB_UARG</subfield>
      <subfield code="d">2011-09-14</subfield>
      <subfield code="y">BK</subfield>
      <subfield code="p">05-41437</subfield>
      <subfield code="i">05-41437</subfield>
      <subfield code="g">203.7</subfield>
      <subfield code="o">54 K878q6</subfield>
      <subfield code="e">Compra SIUNPA</subfield>
      <subfield code="8">CG</subfield>
    </datafield>
    <datafield tag="952" ind1=" " ind2=" ">
      <subfield code="a">BIB_RECT</subfield>
      <subfield code="b">BIB_UARG</subfield>
      <subfield code="d">2017-09-27</subfield>
      <subfield code="y">BK</subfield>
      <subfield code="p">05-48927</subfield>
      <subfield code="i">05-48927</subfield>
      <subfield code="g">1568</subfield>
      <subfield code="o">54 K878q6</subfield>
      <subfield code="e">Compra SIUNPA/17</subfield>
      <subfield code="8">CG</subfield>
    </datafield>
  </record>