
  <record>
    <leader>01000aam  22002601a 4500</leader>
    <controlfield tag="001">YPZ86497</controlfield>
    <controlfield tag="003">YPZ</controlfield>
    <controlfield tag="005">200706081738320</controlfield>
    <controlfield tag="008">070608|###########||||||b||||||||||spa|d</controlfield>
    <datafield tag="020" ind1=" " ind2=" ">
      <subfield code="a">9586005054</subfield>
    </datafield>
    <datafield tag="040" ind1=" " ind2=" ">
      <subfield code="c">SIUNPA</subfield>
    </datafield>
    <datafield tag="041" ind1=" " ind2=" ">
      <subfield code="a">spa</subfield>
    </datafield>
    <datafield tag="044" ind1=" " ind2=" ">
      <subfield code="a">CO</subfield>
    </datafield>
    <datafield tag="080" ind1=" " ind2=" ">
      <subfield code="a">004.422.63 V714d</subfield>
    </datafield>
    <datafield tag="100" ind1=" " ind2=" ">
      <subfield code="a">Villalobos S., Jorge A..</subfield>
    </datafield>
    <datafield tag="245" ind1=" " ind2=" ">
      <subfield code="a">Diseño y manejo de estructuras de datos en C</subfield>
    </datafield>
    <datafield tag="260" ind1=" " ind2=" ">
      <subfield code="a">Santafé de Bogotá</subfield>
      <subfield code="b"> : McGraw-Hill</subfield>
      <subfield code="c"> , 1998</subfield>
    </datafield>
    <datafield tag="650" ind1=" " ind2=" ">
      <subfield code="a"> ESTRUCTURA DE DATOS</subfield>
    </datafield>
    <datafield tag="650" ind1=" " ind2=" ">
      <subfield code="a"> LENGUAJE C</subfield>
    </datafield>
    <datafield tag="650" ind1=" " ind2=" ">
      <subfield code="a"> LENGUAJE DE PROGRAMACION</subfield>
    </datafield>
    <datafield tag="650" ind1=" " ind2=" ">
      <subfield code="a"> DISEÑO DE SISTEMAS</subfield>
    </datafield>
    <datafield tag="650" ind1=" " ind2=" ">
      <subfield code="a"> PROGRAMACION DE COMPUTADORAS</subfield>
    </datafield>
    <datafield tag="942" ind1=" " ind2=" ">
      <subfield code="c">BK</subfield>
    </datafield>
    <datafield tag="952" ind1=" " ind2=" ">
      <subfield code="a">BIB_RECT</subfield>
      <subfield code="b">BIB_UACO</subfield>
      <subfield code="d">2007-06-05</subfield>
      <subfield code="y">BK</subfield>
      <subfield code="p">02-07001</subfield>
      <subfield code="i">02-07001</subfield>
      <subfield code="g">65</subfield>
      <subfield code="o">004.422.63 V714d</subfield>
      <subfield code="e">FOMEC 585</subfield>
      <subfield code="8">CG</subfield>
    </datafield>
    <datafield tag="952" ind1=" " ind2=" ">
      <subfield code="a">BIB_RECT</subfield>
      <subfield code="b">BIB_UACO</subfield>
      <subfield code="d">2007-06-05</subfield>
      <subfield code="y">BK</subfield>
      <subfield code="p">02-07002</subfield>
      <subfield code="i">02-07002</subfield>
      <subfield code="g">65</subfield>
      <subfield code="o">004.422.63 V714d</subfield>
      <subfield code="e">FOMEC 585</subfield>
      <subfield code="8">CG</subfield>
    </datafield>
    <datafield tag="952" ind1=" " ind2=" ">
      <subfield code="a">BIB_RECT</subfield>
      <subfield code="b">BIB_UACO</subfield>
      <subfield code="d">2007-06-05</subfield>
      <subfield code="y">BK</subfield>
      <subfield code="p">02-07003</subfield>
      <subfield code="i">02-07003</subfield>
      <subfield code="g">65</subfield>
      <subfield code="o">004.422.63 V714d</subfield>
      <subfield code="e">FOMEC 585</subfield>
      <subfield code="8">CG</subfield>
    </datafield>
    <datafield tag="952" ind1=" " ind2=" ">
      <subfield code="a">BIB_RECT</subfield>
      <subfield code="b">BIB_UACO</subfield>
      <subfield code="d">2007-06-05</subfield>
      <subfield code="y">BK</subfield>
      <subfield code="p">02-07004</subfield>
      <subfield code="i">02-07004</subfield>
      <subfield code="g">65</subfield>
      <subfield code="o">004.422.63 V714d</subfield>
      <subfield code="e">FOMEC 585</subfield>
      <subfield code="8">CG</subfield>
    </datafield>
    <datafield tag="952" ind1=" " ind2=" ">
      <subfield code="a">BIB_RECT</subfield>
      <subfield code="b">BIB_UACO</subfield>
      <subfield code="d">2007-06-05</subfield>
      <subfield code="y">BK</subfield>
      <subfield code="p">02-07005</subfield>
      <subfield code="i">02-07005</subfield>
      <subfield code="g">65</subfield>
      <subfield code="o">004.422.63 V714d</subfield>
      <subfield code="e">FOMEC 585</subfield>
      <subfield code="8">CG</subfield>
    </datafield>
    <datafield tag="952" ind1=" " ind2=" ">
      <subfield code="a">BIB_RECT</subfield>
      <subfield code="b">BIB_UACO</subfield>
      <subfield code="d">2007-06-05</subfield>
      <subfield code="y">BK</subfield>
      <subfield code="p">02-07673</subfield>
      <subfield code="i">02-07673</subfield>
      <subfield code="g">65</subfield>
      <subfield code="o">004.422.63 V714d</subfield>
      <subfield code="e">FOMEC 585</subfield>
      <subfield code="8">CG</subfield>
    </datafield>
    <datafield tag="952" ind1=" " ind2=" ">
      <subfield code="a">BIB_RECT</subfield>
      <subfield code="b">BIB_UACO</subfield>
      <subfield code="d">2007-06-05</subfield>
      <subfield code="y">BK</subfield>
      <subfield code="p">02-07674</subfield>
      <subfield code="i">02-07674</subfield>
      <subfield code="g">65</subfield>
      <subfield code="o">004.422.63 V714d</subfield>
      <subfield code="e">FOMEC 585</subfield>
      <subfield code="8">CG</subfield>
    </datafield>
    <datafield tag="952" ind1=" " ind2=" ">
      <subfield code="a">BIB_RECT</subfield>
      <subfield code="b">BIB_UACO</subfield>
      <subfield code="d">2010-08-09</subfield>
      <subfield code="y">BK</subfield>
      <subfield code="p">02-07675</subfield>
      <subfield code="i">02-07675</subfield>
      <subfield code="g">69</subfield>
      <subfield code="o">004.422.63 V714d</subfield>
      <subfield code="e">FOMEC 585</subfield>
      <subfield code="8">CG</subfield>
    </datafield>
  </record>