
  <record>
    <leader>01000aam  22002601a 4500</leader>
    <controlfield tag="001">YPZ86502</controlfield>
    <controlfield tag="003">YPZ</controlfield>
    <controlfield tag="005">200706111329500</controlfield>
    <controlfield tag="008">070611|###########||||||b||||||||||spa|d</controlfield>
    <datafield tag="020" ind1=" " ind2=" ">
      <subfield code="a">0132392275</subfield>
    </datafield>
    <datafield tag="040" ind1=" " ind2=" ">
      <subfield code="c">SIUNPA</subfield>
    </datafield>
    <datafield tag="041" ind1=" " ind2=" ">
      <subfield code="a">eng</subfield>
    </datafield>
    <datafield tag="044" ind1=" " ind2=" ">
      <subfield code="a">US</subfield>
    </datafield>
    <datafield tag="080" ind1=" " ind2=" ">
      <subfield code="a">004.75 T164d2</subfield>
    </datafield>
    <datafield tag="100" ind1=" " ind2=" ">
      <subfield code="a">Tanenbaum, Andrew S..</subfield>
    </datafield>
    <datafield tag="700" ind1=" " ind2=" ">
      <subfield code="a">Steen, Maarten van.</subfield>
    </datafield>
    <datafield tag="245" ind1=" " ind2=" ">
      <subfield code="a">Distributed systems</subfield>
      <subfield code="b"> : principles and paradigms</subfield>
    </datafield>
    <datafield tag="250" ind1=" " ind2=" ">
      <subfield code="a">2nd ed.</subfield>
    </datafield>
    <datafield tag="260" ind1=" " ind2=" ">
      <subfield code="a">Upper Saddle River, N.J.</subfield>
      <subfield code="b"> : Pearson Prentice Hall</subfield>
      <subfield code="c"> , 2007</subfield>
    </datafield>
    <datafield tag="650" ind1=" " ind2=" ">
      <subfield code="a"> SISTEMAS DISTRIBUIDOS</subfield>
    </datafield>
    <datafield tag="650" ind1=" " ind2=" ">
      <subfield code="a"> REDES INFORMATICAS</subfield>
    </datafield>
    <datafield tag="942" ind1=" " ind2=" ">
      <subfield code="c">BK</subfield>
    </datafield>
    <datafield tag="952" ind1=" " ind2=" ">
      <subfield code="a">BIB_RECT</subfield>
      <subfield code="b">BIB_UARG</subfield>
      <subfield code="d">2007-06-04</subfield>
      <subfield code="y">BK</subfield>
      <subfield code="p">05-32280</subfield>
      <subfield code="i">05-32280</subfield>
      <subfield code="g">359</subfield>
      <subfield code="o">004.75 T164d2</subfield>
      <subfield code="e">SIUNPA</subfield>
      <subfield code="8">CG</subfield>
    </datafield>
    <datafield tag="952" ind1=" " ind2=" ">
      <subfield code="a">BIB_RECT</subfield>
      <subfield code="b">BIB_UARG</subfield>
      <subfield code="d">2007-06-04</subfield>
      <subfield code="y">BK</subfield>
      <subfield code="p">05-32281</subfield>
      <subfield code="i">05-32281</subfield>
      <subfield code="g">359</subfield>
      <subfield code="o">004.75 T164d2</subfield>
      <subfield code="e">SIUNPA</subfield>
      <subfield code="8">CG</subfield>
    </datafield>
    <datafield tag="952" ind1=" " ind2=" ">
      <subfield code="a">BIB_RECT</subfield>
      <subfield code="b">BIB_UARG</subfield>
      <subfield code="d">2007-06-04</subfield>
      <subfield code="y">BK</subfield>
      <subfield code="p">05-32282</subfield>
      <subfield code="i">05-32282</subfield>
      <subfield code="g">359</subfield>
      <subfield code="o">004.75 T164d2</subfield>
      <subfield code="e">SIUNPA</subfield>
      <subfield code="8">CG</subfield>
    </datafield>
    <datafield tag="952" ind1=" " ind2=" ">
      <subfield code="a">BIB_RECT</subfield>
      <subfield code="b">BIB_UARG</subfield>
      <subfield code="d">2008-04-08</subfield>
      <subfield code="y">BK</subfield>
      <subfield code="p">05-35075</subfield>
      <subfield code="i">05-35075</subfield>
      <subfield code="g">367</subfield>
      <subfield code="o">004.75 T164d2</subfield>
      <subfield code="e">SIUNPA</subfield>
      <subfield code="8">CG</subfield>
    </datafield>
    <datafield tag="952" ind1=" " ind2=" ">
      <subfield code="a">BIB_RECT</subfield>
      <subfield code="b">BIB_UARG</subfield>
      <subfield code="d">2008-04-08</subfield>
      <subfield code="y">BK</subfield>
      <subfield code="p">05-35076</subfield>
      <subfield code="i">05-35076</subfield>
      <subfield code="g">367</subfield>
      <subfield code="o">004.75 T164d2</subfield>
      <subfield code="e">SIUNPA</subfield>
      <subfield code="8">CG</subfield>
    </datafield>
    <datafield tag="952" ind1=" " ind2=" ">
      <subfield code="a">BIB_RECT</subfield>
      <subfield code="b">BIB_UARG</subfield>
      <subfield code="d">2008-04-08</subfield>
      <subfield code="y">BK</subfield>
      <subfield code="p">05-35077</subfield>
      <subfield code="i">05-35077</subfield>
      <subfield code="g">367</subfield>
      <subfield code="o">004.75 T164d2</subfield>
      <subfield code="e">SIUNPA</subfield>
      <subfield code="8">CG</subfield>
    </datafield>
    <datafield tag="952" ind1=" " ind2=" ">
      <subfield code="a">BIB_RECT</subfield>
      <subfield code="b">BIB_UARG</subfield>
      <subfield code="d">2008-04-08</subfield>
      <subfield code="y">BK</subfield>
      <subfield code="p">05-35078</subfield>
      <subfield code="i">05-35078</subfield>
      <subfield code="g">367</subfield>
      <subfield code="o">004.75 T164d2</subfield>
      <subfield code="e">SIUNPA</subfield>
      <subfield code="8">CG</subfield>
    </datafield>
  </record>