
  <record>
    <leader>01000aam  22002601a 4500</leader>
    <controlfield tag="001">YPZ86516</controlfield>
    <controlfield tag="003">YPZ</controlfield>
    <controlfield tag="005">200706121600480</controlfield>
    <controlfield tag="008">070612|###########||||||b||||||||||spa|d</controlfield>
    <datafield tag="020" ind1=" " ind2=" ">
      <subfield code="a">0471712272</subfield>
    </datafield>
    <datafield tag="020" ind1=" " ind2=" ">
      <subfield code="a">0555019667 (CDROM)</subfield>
    </datafield>
    <datafield tag="040" ind1=" " ind2=" ">
      <subfield code="c">SIUNPA</subfield>
    </datafield>
    <datafield tag="041" ind1=" " ind2=" ">
      <subfield code="a">eng</subfield>
    </datafield>
    <datafield tag="044" ind1=" " ind2=" ">
      <subfield code="a">US</subfield>
    </datafield>
    <datafield tag="080" ind1=" " ind2=" ">
      <subfield code="a">004.43 N718a2</subfield>
    </datafield>
    <datafield tag="100" ind1=" " ind2=" ">
      <subfield code="a">Niño, Jaime.</subfield>
    </datafield>
    <datafield tag="700" ind1=" " ind2=" ">
      <subfield code="a">Hosch, Frederick.</subfield>
    </datafield>
    <datafield tag="245" ind1=" " ind2=" ">
      <subfield code="a">An introduction to programming and object-oriented design using Java 5.0</subfield>
    </datafield>
    <datafield tag="260" ind1=" " ind2=" ">
      <subfield code="a">Hoboken, N.J.</subfield>
      <subfield code="b"> : Wiley</subfield>
      <subfield code="c"> , 2005</subfield>
    </datafield>
    <datafield tag="300" ind1=" " ind2=" ">
      <subfield code="a">180 p. : </subfield>
      <subfield code="b">il. ; </subfield>
      <subfield code="a">222 p. : </subfield>
      <subfield code="b">il. ; </subfield>
      <subfield code="a">159 p. : </subfield>
      <subfield code="a">538 p. : </subfield>
      <subfield code="b">il. ; </subfield>
      <subfield code="a">151 p. : </subfield>
      <subfield code="a">255 p. : </subfield>
      <subfield code="b">il. ; </subfield>
      <subfield code="a">xii, 619 p. en varias paginaciones : </subfield>
      <subfield code="b">1 CD-ROM en bolsillo ; </subfield>
      <subfield code="a">392 p. : </subfield>
      <subfield code="b">il. ; </subfield>
      <subfield code="a">91 p. : </subfield>
      <subfield code="a">xxiv, 1035 p. : </subfield>
      <subfield code="b">il. ; </subfield>
      <subfield code="a">xvii, 273 p. : </subfield>
      <subfield code="b">il. ; </subfield>
      <subfield code="a">xiii, 573 p. : </subfield>
      <subfield code="b">il. ; </subfield>
      <subfield code="a">xviii, 686 p. : </subfield>
      <subfield code="b">il. ; </subfield>
      <subfield code="a">xxiv, 700 p. : </subfield>
      <subfield code="b">il. ; </subfield>
      <subfield code="a">xxii, 391 p. : </subfield>
      <subfield code="b">il. ; </subfield>
      <subfield code="a">xvi, 923 p. : </subfield>
      <subfield code="b">il. ; </subfield>
      <subfield code="a">xvi, 612 p. : </subfield>
      <subfield code="b">il. ; </subfield>
      <subfield code="a">xxii, 735 p. : </subfield>
      <subfield code="a">720 p. : </subfield>
      <subfield code="b">il. ; </subfield>
      <subfield code="a">x, 399 p. : </subfield>
      <subfield code="b">il. ; </subfield>
      <subfield code="a">x, 338 p. : </subfield>
      <subfield code="a">366 p. : </subfield>
      <subfield code="b">il. ; </subfield>
      <subfield code="a">xv, 523 p. : </subfield>
      <subfield code="b">il. ; </subfield>
      <subfield code="a">xix, 379 p. : </subfield>
      <subfield code="b">il. ; </subfield>
      <subfield code="a">xix, 331 p. : </subfield>
      <subfield code="b">il. ; </subfield>
      <subfield code="a">xv, 343 p. : </subfield>
      <subfield code="b">il. ; </subfield>
      <subfield code="a">xxviii, 943 p. : </subfield>
      <subfield code="b">il. ; </subfield>
      <subfield code="e">1 CD-ROM en bolsillo</subfield>
    </datafield>
    <datafield tag="500" ind1=" " ind2=" ">
      <subfield code="a">Contenido del CD-ROM: DrJava : with resources from introduction to programming and object-oriented design using Java versión 5.0 - 2e</subfield>
    </datafield>
    <datafield tag="650" ind1=" " ind2=" ">
      <subfield code="a"> LENGUAJE JAVA</subfield>
    </datafield>
    <datafield tag="650" ind1=" " ind2=" ">
      <subfield code="a"> LENGUAJE DE PROGRAMACION</subfield>
    </datafield>
    <datafield tag="650" ind1=" " ind2=" ">
      <subfield code="a"> PROGRAMACION ORIENTADA A OBJETOS</subfield>
    </datafield>
    <datafield tag="650" ind1=" " ind2=" ">
      <subfield code="a"> DISEÑO DE SISTEMAS</subfield>
    </datafield>
    <datafield tag="942" ind1=" " ind2=" ">
      <subfield code="c">BK</subfield>
    </datafield>
    <datafield tag="952" ind1=" " ind2=" ">
      <subfield code="a">BIB_RECT</subfield>
      <subfield code="b">BIB_UARG</subfield>
      <subfield code="d">2007-06-04</subfield>
      <subfield code="y">BK</subfield>
      <subfield code="p">05-32287</subfield>
      <subfield code="i">05-32287</subfield>
      <subfield code="g">132</subfield>
      <subfield code="o">004.43 N718a2</subfield>
      <subfield code="e">SIUNPA</subfield>
      <subfield code="8">CG</subfield>
    </datafield>
  </record>