
  <record>
    <leader>01000aam  22002601a 4500</leader>
    <controlfield tag="001">YPZ86541</controlfield>
    <controlfield tag="003">YPZ</controlfield>
    <controlfield tag="005">200706151531480</controlfield>
    <controlfield tag="008">070615|###########||||||b||||||||||spa|d</controlfield>
    <datafield tag="020" ind1=" " ind2=" ">
      <subfield code="a">9870102859</subfield>
    </datafield>
    <datafield tag="040" ind1=" " ind2=" ">
      <subfield code="c">SIUNPA</subfield>
    </datafield>
    <datafield tag="041" ind1=" " ind2=" ">
      <subfield code="a">spa</subfield>
    </datafield>
    <datafield tag="044" ind1=" " ind2=" ">
      <subfield code="a">AR</subfield>
    </datafield>
    <datafield tag="080" ind1=" " ind2=" ">
      <subfield code="a">336.226.1 D148m</subfield>
    </datafield>
    <datafield tag="100" ind1=" " ind2=" ">
      <subfield code="a">Dalmasio, Adalberto Raúl.</subfield>
    </datafield>
    <datafield tag="245" ind1=" " ind2=" ">
      <subfield code="a">Monotributo y contribuyente eventual</subfield>
      <subfield code="b"> : análisis integral de la ley 25865, el decreto 806/2004 y la resolución general (AFIP) 1695</subfield>
      <subfield code="c"> / Bertazza, Humberto J., pról.</subfield>
    </datafield>
    <datafield tag="250" ind1=" " ind2=" ">
      <subfield code="a">1a ed.</subfield>
    </datafield>
    <datafield tag="260" ind1=" " ind2=" ">
      <subfield code="a">Buenos Aires</subfield>
      <subfield code="b"> : Errepar</subfield>
      <subfield code="c"> , 2004</subfield>
    </datafield>
    <datafield tag="500" ind1=" " ind2=" ">
      <subfield code="a">Incluye: Régimen de empadronamiento general</subfield>
    </datafield>
    <datafield tag="650" ind1=" " ind2=" ">
      <subfield code="a"> MONOTRIBUTO</subfield>
    </datafield>
    <datafield tag="650" ind1=" " ind2=" ">
      <subfield code="a"> LEY 25865</subfield>
    </datafield>
    <datafield tag="942" ind1=" " ind2=" ">
      <subfield code="c">BK</subfield>
    </datafield>
    <datafield tag="952" ind1=" " ind2=" ">
      <subfield code="a">BIB_RECT</subfield>
      <subfield code="b">BIB_UASJ</subfield>
      <subfield code="d">2007-06-20</subfield>
      <subfield code="y">BK</subfield>
      <subfield code="p">04-32497</subfield>
      <subfield code="i">04-32497</subfield>
      <subfield code="g">33.54</subfield>
      <subfield code="o">336.226.1 D148m</subfield>
      <subfield code="e">SIUNPA</subfield>
      <subfield code="8">CG</subfield>
    </datafield>
    <datafield tag="952" ind1=" " ind2=" ">
      <subfield code="a">BIB_RECT</subfield>
      <subfield code="b">BIB_UASJ</subfield>
      <subfield code="d">2007-06-20</subfield>
      <subfield code="y">BK</subfield>
      <subfield code="p">04-32498</subfield>
      <subfield code="i">04-32498</subfield>
      <subfield code="g">33.54</subfield>
      <subfield code="o">336.226.1 D148m</subfield>
      <subfield code="e">SIUNPA</subfield>
      <subfield code="8">CG</subfield>
    </datafield>
    <datafield tag="952" ind1=" " ind2=" ">
      <subfield code="a">BIB_RECT</subfield>
      <subfield code="b">SAT_PBNA</subfield>
      <subfield code="d">2007-06-14</subfield>
      <subfield code="y">BK</subfield>
      <subfield code="p">11-32416</subfield>
      <subfield code="i">11-32416</subfield>
      <subfield code="g">33.54</subfield>
      <subfield code="o">336.226.1 D148m</subfield>
      <subfield code="e">SIUNPA</subfield>
      <subfield code="8">CG</subfield>
    </datafield>
    <datafield tag="952" ind1=" " ind2=" ">
      <subfield code="a">BIB_RECT</subfield>
      <subfield code="b">SAT_PBNA</subfield>
      <subfield code="d">2007-06-14</subfield>
      <subfield code="y">BK</subfield>
      <subfield code="p">11-32417</subfield>
      <subfield code="i">11-32417</subfield>
      <subfield code="g">33.54</subfield>
      <subfield code="o">336.226.1 D148m</subfield>
      <subfield code="e">SIUNPA</subfield>
      <subfield code="8">CG</subfield>
    </datafield>
    <datafield tag="952" ind1=" " ind2=" ">
      <subfield code="a">BIB_RECT</subfield>
      <subfield code="b">SAT_GREG</subfield>
      <subfield code="d">2007-06-19</subfield>
      <subfield code="y">BK</subfield>
      <subfield code="p">18-32466</subfield>
      <subfield code="i">18-32466</subfield>
      <subfield code="g">33.54</subfield>
      <subfield code="o">336.226.1 D148m</subfield>
      <subfield code="e">SIUNPA</subfield>
      <subfield code="8">CG</subfield>
    </datafield>
    <datafield tag="952" ind1=" " ind2=" ">
      <subfield code="a">BIB_RECT</subfield>
      <subfield code="b">SAT_GREG</subfield>
      <subfield code="d">2007-06-19</subfield>
      <subfield code="y">BK</subfield>
      <subfield code="p">18-32467</subfield>
      <subfield code="i">18-32467</subfield>
      <subfield code="g">33.54</subfield>
      <subfield code="o">336.226.1 D148m</subfield>
      <subfield code="e">SIUNPA</subfield>
      <subfield code="8">CG</subfield>
    </datafield>
  </record>