
  <record>
    <leader>01000aam  22002601a 4500</leader>
    <controlfield tag="001">YPZ86543</controlfield>
    <controlfield tag="003">YPZ</controlfield>
    <controlfield tag="005">200706191422320</controlfield>
    <controlfield tag="008">070619|###########||||||b||||||||||spa|d</controlfield>
    <datafield tag="020" ind1=" " ind2=" ">
      <subfield code="a">0201178885</subfield>
    </datafield>
    <datafield tag="040" ind1=" " ind2=" ">
      <subfield code="c">SIUNPA</subfield>
    </datafield>
    <datafield tag="041" ind1=" " ind2=" ">
      <subfield code="a">eng</subfield>
    </datafield>
    <datafield tag="044" ind1=" " ind2=" ">
      <subfield code="a">GB</subfield>
    </datafield>
    <datafield tag="080" ind1=" " ind2=" ">
      <subfield code="a">004.04 S999c</subfield>
    </datafield>
    <datafield tag="100" ind1=" " ind2=" ">
      <subfield code="a">Szyperski, Clemens.</subfield>
    </datafield>
    <datafield tag="245" ind1=" " ind2=" ">
      <subfield code="a">Component software</subfield>
      <subfield code="b"> : beyond object-oriented programming</subfield>
    </datafield>
    <datafield tag="250" ind1=" " ind2=" ">
      <subfield code="a">1st ed.</subfield>
    </datafield>
    <datafield tag="260" ind1=" " ind2=" ">
      <subfield code="a">Harlow</subfield>
      <subfield code="b"> : ACM Press</subfield>
      <subfield code="b"> : Addison-Wesley</subfield>
      <subfield code="c"> , 1998</subfield>
    </datafield>
    <datafield tag="650" ind1=" " ind2=" ">
      <subfield code="a"> PROGRAMACION ORIENTADA AL COMPONENTE</subfield>
    </datafield>
    <datafield tag="942" ind1=" " ind2=" ">
      <subfield code="c">BK</subfield>
    </datafield>
    <datafield tag="952" ind1=" " ind2=" ">
      <subfield code="a">BIB_RECT</subfield>
      <subfield code="b">BIB_UACO</subfield>
      <subfield code="d">2007-06-12</subfield>
      <subfield code="y">BK</subfield>
      <subfield code="p">02-32373</subfield>
      <subfield code="i">02-32373</subfield>
      <subfield code="g">93.37</subfield>
      <subfield code="o">004.04 S999c</subfield>
      <subfield code="e">SIUNPA</subfield>
      <subfield code="8">CG</subfield>
    </datafield>
  </record>