
  <record>
    <leader>01000aam  22002601a 4500</leader>
    <controlfield tag="001">YPZ86555</controlfield>
    <controlfield tag="003">YPZ</controlfield>
    <controlfield tag="005">200706201700140</controlfield>
    <controlfield tag="008">070620|###########||||||b||||||||||spa|d</controlfield>
    <datafield tag="020" ind1=" " ind2=" ">
      <subfield code="a">0131434063</subfield>
    </datafield>
    <datafield tag="040" ind1=" " ind2=" ">
      <subfield code="c">SIUNPA</subfield>
    </datafield>
    <datafield tag="041" ind1=" " ind2=" ">
      <subfield code="a">eng</subfield>
    </datafield>
    <datafield tag="044" ind1=" " ind2=" ">
      <subfield code="a">US</subfield>
    </datafield>
    <datafield tag="080" ind1=" " ind2=" ">
      <subfield code="a">004.43 S934o</subfield>
    </datafield>
    <datafield tag="100" ind1=" " ind2=" ">
      <subfield code="a">Stumpf, Robert V..</subfield>
    </datafield>
    <datafield tag="700" ind1=" " ind2=" ">
      <subfield code="a">Teague, Lavette C..</subfield>
    </datafield>
    <datafield tag="245" ind1=" " ind2=" ">
      <subfield code="a">Object-oriented systems analysis and design with UML</subfield>
    </datafield>
    <datafield tag="260" ind1=" " ind2=" ">
      <subfield code="a">Upper Saddle River, N.J.</subfield>
      <subfield code="b"> : Prentice Hall</subfield>
      <subfield code="c"> , 2005</subfield>
    </datafield>
    <datafield tag="650" ind1=" " ind2=" ">
      <subfield code="a"> PROGRAMACION ORIENTADA A OBJETOS</subfield>
    </datafield>
    <datafield tag="650" ind1=" " ind2=" ">
      <subfield code="a"> LENGUAJE UML</subfield>
    </datafield>
    <datafield tag="650" ind1=" " ind2=" ">
      <subfield code="a"> LENGUAJE DE PROGRAMACION</subfield>
    </datafield>
    <datafield tag="650" ind1=" " ind2=" ">
      <subfield code="a"> ANALISIS DE SISTEMAS</subfield>
    </datafield>
    <datafield tag="650" ind1=" " ind2=" ">
      <subfield code="a"> DISEÑO DE SISTEMAS</subfield>
    </datafield>
    <datafield tag="942" ind1=" " ind2=" ">
      <subfield code="c">BK</subfield>
    </datafield>
    <datafield tag="952" ind1=" " ind2=" ">
      <subfield code="a">BIB_RECT</subfield>
      <subfield code="b">BIB_UACO</subfield>
      <subfield code="d">2007-06-14</subfield>
      <subfield code="y">BK</subfield>
      <subfield code="p">02-32457</subfield>
      <subfield code="i">02-32457</subfield>
      <subfield code="g">481</subfield>
      <subfield code="o">004.43 S934o</subfield>
      <subfield code="e">SIUNPA</subfield>
      <subfield code="8">CG</subfield>
    </datafield>
    <datafield tag="952" ind1=" " ind2=" ">
      <subfield code="a">BIB_RECT</subfield>
      <subfield code="b">BIB_UACO</subfield>
      <subfield code="d">2007-06-14</subfield>
      <subfield code="y">BK</subfield>
      <subfield code="p">02-32458</subfield>
      <subfield code="i">02-32458</subfield>
      <subfield code="g">481</subfield>
      <subfield code="o">004.43 S934o</subfield>
      <subfield code="e">SIUNPA</subfield>
      <subfield code="8">CG</subfield>
    </datafield>
    <datafield tag="952" ind1=" " ind2=" ">
      <subfield code="a">BIB_RECT</subfield>
      <subfield code="b">BIB_UACO</subfield>
      <subfield code="d">2007-10-18</subfield>
      <subfield code="y">BK</subfield>
      <subfield code="p">02-33570</subfield>
      <subfield code="i">02-33570</subfield>
      <subfield code="g">350.3</subfield>
      <subfield code="o">004.43 S934o</subfield>
      <subfield code="e">SIUNPA</subfield>
      <subfield code="8">CG</subfield>
    </datafield>
    <datafield tag="952" ind1=" " ind2=" ">
      <subfield code="a">BIB_RECT</subfield>
      <subfield code="b">BIB_UACO</subfield>
      <subfield code="d">2007-10-18</subfield>
      <subfield code="y">BK</subfield>
      <subfield code="p">02-33571</subfield>
      <subfield code="i">02-33571</subfield>
      <subfield code="g">350.3</subfield>
      <subfield code="o">004.43 S934o</subfield>
      <subfield code="e">SIUNPA</subfield>
      <subfield code="8">CG</subfield>
    </datafield>
    <datafield tag="952" ind1=" " ind2=" ">
      <subfield code="a">BIB_RECT</subfield>
      <subfield code="b">BIB_UACO</subfield>
      <subfield code="d">2007-10-18</subfield>
      <subfield code="y">BK</subfield>
      <subfield code="p">02-33572</subfield>
      <subfield code="i">02-33572</subfield>
      <subfield code="g">350.3</subfield>
      <subfield code="o">004.43 S934o</subfield>
      <subfield code="e">SIUNPA</subfield>
      <subfield code="8">CG</subfield>
    </datafield>
    <datafield tag="952" ind1=" " ind2=" ">
      <subfield code="a">BIB_RECT</subfield>
      <subfield code="b">BIB_UACO</subfield>
      <subfield code="d">2008-03-25</subfield>
      <subfield code="y">BK</subfield>
      <subfield code="p">02-34730</subfield>
      <subfield code="i">02-34730</subfield>
      <subfield code="g">450</subfield>
      <subfield code="o">004.43 S934o</subfield>
      <subfield code="e">Compra UACO</subfield>
      <subfield code="8">CG</subfield>
    </datafield>
    <datafield tag="952" ind1=" " ind2=" ">
      <subfield code="a">BIB_RECT</subfield>
      <subfield code="b">BIB_UACO</subfield>
      <subfield code="d">2008-03-25</subfield>
      <subfield code="y">BK</subfield>
      <subfield code="p">02-34731</subfield>
      <subfield code="i">02-34731</subfield>
      <subfield code="g">450</subfield>
      <subfield code="o">004.43 S934o</subfield>
      <subfield code="e">Compra UACO</subfield>
      <subfield code="8">CG</subfield>
    </datafield>
  </record>