
  <record>
    <leader>01000aam  22002601a 4500</leader>
    <controlfield tag="001">YPZ86556</controlfield>
    <controlfield tag="003">YPZ</controlfield>
    <controlfield tag="005">200706201720310</controlfield>
    <controlfield tag="008">070620|###########||||||b||||||||||spa|d</controlfield>
    <datafield tag="020" ind1=" " ind2=" ">
      <subfield code="a">0534948227</subfield>
    </datafield>
    <datafield tag="040" ind1=" " ind2=" ">
      <subfield code="c">SIUNPA</subfield>
    </datafield>
    <datafield tag="041" ind1=" " ind2=" ">
      <subfield code="a">eng</subfield>
    </datafield>
    <datafield tag="044" ind1=" " ind2=" ">
      <subfield code="a">US</subfield>
    </datafield>
    <datafield tag="080" ind1=" " ind2=" ">
      <subfield code="a">004.2 C626m3</subfield>
    </datafield>
    <datafield tag="100" ind1=" " ind2=" ">
      <subfield code="a">Clements, Alan.</subfield>
    </datafield>
    <datafield tag="245" ind1=" " ind2=" ">
      <subfield code="a">Microprocessor systems design</subfield>
      <subfield code="b"> : 68000 hardware, software, and interfacing</subfield>
    </datafield>
    <datafield tag="250" ind1=" " ind2=" ">
      <subfield code="a">3rd ed.</subfield>
    </datafield>
    <datafield tag="260" ind1=" " ind2=" ">
      <subfield code="a">Boston, MA</subfield>
      <subfield code="b"> : PWS</subfield>
      <subfield code="c"> , 1997</subfield>
    </datafield>
    <datafield tag="300" ind1=" " ind2=" ">
      <subfield code="a">292 p. : </subfield>
      <subfield code="a">172 p. : </subfield>
      <subfield code="a">xii, 308 p. : </subfield>
      <subfield code="b">il. ; </subfield>
      <subfield code="a">485 p. : </subfield>
      <subfield code="b">il. ; </subfield>
      <subfield code="a">295 p. : </subfield>
      <subfield code="b">il. ; </subfield>
      <subfield code="a">309 p. : </subfield>
      <subfield code="b">il. ; </subfield>
      <subfield code="a">186 p. : </subfield>
      <subfield code="b">il. ; </subfield>
      <subfield code="a">viii, 710 p. : </subfield>
      <subfield code="b">il. ; </subfield>
      <subfield code="a">410 p. : </subfield>
      <subfield code="b">il. ; </subfield>
      <subfield code="a">xvii, 276 p. : </subfield>
      <subfield code="b">il. ; </subfield>
      <subfield code="a">xxii, 202 p. : </subfield>
      <subfield code="b">il. ; </subfield>
      <subfield code="a">215 p. : </subfield>
      <subfield code="b">il. ; </subfield>
      <subfield code="a">xviii, 411 p. : </subfield>
      <subfield code="b">il. ; </subfield>
      <subfield code="a">xxiii, 519 p. : </subfield>
      <subfield code="b">il. ; </subfield>
      <subfield code="a">xiv, 384 p. : </subfield>
      <subfield code="b">il. ; </subfield>
      <subfield code="a">xii, 433 p. : </subfield>
      <subfield code="a">xiv, 610 p. : </subfield>
      <subfield code="b">il. ; </subfield>
      <subfield code="a">xviii, 361 p. : </subfield>
      <subfield code="a">xxv, 323 p. : </subfield>
      <subfield code="b">il. ; </subfield>
      <subfield code="a">xiii, 322 p. : </subfield>
      <subfield code="b">il. ; </subfield>
      <subfield code="a">361 p. : </subfield>
      <subfield code="b">il. ; </subfield>
      <subfield code="a">xvi, 467 p. : </subfield>
      <subfield code="b">il. ; </subfield>
      <subfield code="a">viii, 293 p. : </subfield>
      <subfield code="b">il. ; </subfield>
      <subfield code="a">xx, 805 p. : </subfield>
      <subfield code="b">il. ; </subfield>
      <subfield code="a">xviii, 428 p. : </subfield>
      <subfield code="b">il. ; </subfield>
      <subfield code="a">xiv, 978 p. : </subfield>
      <subfield code="b">il. ; </subfield>
      <subfield code="e">1 CD-ROM en bolsillo</subfield>
    </datafield>
    <datafield tag="650" ind1=" " ind2=" ">
      <subfield code="a"> ARQUITECTURA DE COMPUTADORAS</subfield>
    </datafield>
    <datafield tag="650" ind1=" " ind2=" ">
      <subfield code="a"> HARDWARE</subfield>
    </datafield>
    <datafield tag="942" ind1=" " ind2=" ">
      <subfield code="c">BK</subfield>
    </datafield>
    <datafield tag="952" ind1=" " ind2=" ">
      <subfield code="a">BIB_RECT</subfield>
      <subfield code="b">BIB_UACO</subfield>
      <subfield code="d">2007-06-14</subfield>
      <subfield code="y">BK</subfield>
      <subfield code="p">02-32455</subfield>
      <subfield code="i">02-32455</subfield>
      <subfield code="g">402</subfield>
      <subfield code="o">004.2 C626m3</subfield>
      <subfield code="e">SIUNPA</subfield>
      <subfield code="8">CG</subfield>
    </datafield>
    <datafield tag="952" ind1=" " ind2=" ">
      <subfield code="a">BIB_RECT</subfield>
      <subfield code="b">BIB_UACO</subfield>
      <subfield code="d">2007-06-14</subfield>
      <subfield code="y">BK</subfield>
      <subfield code="p">02-32456</subfield>
      <subfield code="i">02-32456</subfield>
      <subfield code="g">402</subfield>
      <subfield code="o">004.2 C626m3</subfield>
      <subfield code="e">SIUNPA</subfield>
      <subfield code="8">CG</subfield>
    </datafield>
  </record>