
  <record>
    <leader>01000aam  22002601a 4500</leader>
    <controlfield tag="001">YPZ86563</controlfield>
    <controlfield tag="003">YPZ</controlfield>
    <controlfield tag="005">200706211413420</controlfield>
    <controlfield tag="008">070621|###########||||||b||||||||||spa|d</controlfield>
    <datafield tag="020" ind1=" " ind2=" ">
      <subfield code="a">9501267644</subfield>
    </datafield>
    <datafield tag="040" ind1=" " ind2=" ">
      <subfield code="c">SIUNPA</subfield>
    </datafield>
    <datafield tag="041" ind1=" " ind2=" ">
      <subfield code="a">spa</subfield>
    </datafield>
    <datafield tag="044" ind1=" " ind2=" ">
      <subfield code="a">AR</subfield>
    </datafield>
    <datafield tag="080" ind1=" " ind2=" ">
      <subfield code="a">572 A919q</subfield>
    </datafield>
    <datafield tag="100" ind1=" " ind2=" ">
      <subfield code="a">Augé, Marc.</subfield>
    </datafield>
    <datafield tag="700" ind1=" " ind2=" ">
      <subfield code="a">Colleyn, Jean-Paul.</subfield>
    </datafield>
    <datafield tag="245" ind1=" " ind2=" ">
      <subfield code="a">Qué es la antropología</subfield>
      <subfield code="c"> / Roche, Carles, tr.</subfield>
    </datafield>
    <datafield tag="250" ind1=" " ind2=" ">
      <subfield code="a">1a ed.</subfield>
    </datafield>
    <datafield tag="260" ind1=" " ind2=" ">
      <subfield code="a">Buenos Aires</subfield>
      <subfield code="b"> : Paidós</subfield>
      <subfield code="c"> , 2006</subfield>
    </datafield>
    <datafield tag="440" ind1=" " ind2=" ">
      <subfield code="a">Prentice Hall series in computer science</subfield>
      <subfield code="a">Foundations of computing series</subfield>
      <subfield code="a">The SEI series in software engineering</subfield>
      <subfield code="a">Prentice-Hall software series</subfield>
      <subfield code="a">Wiley series in software design patterns</subfield>
      <subfield code="a">Undergraduate texts in mathematics</subfield>
      <subfield code="a">McGraw Hill series in computer science</subfield>
      <subfield code="a">MIT Press series in logic programming</subfield>
      <subfield code="a">Biblioteca del DSM-IV</subfield>
      <subfield code="a">Educación</subfield>
      <subfield code="a">Ciencia + docencia</subfield>
      <subfield code="a">Paidós studio</subfield>
      <subfield code="v">164</subfield>
    </datafield>
    <datafield tag="490" ind1=" " ind2=" ">
      <subfield code="a">Prentice Hall series in computer science</subfield>
      <subfield code="a">Foundations of computing series</subfield>
      <subfield code="a">The SEI series in software engineering</subfield>
      <subfield code="a">Prentice-Hall software series</subfield>
      <subfield code="a">Wiley series in software design patterns</subfield>
      <subfield code="a">Undergraduate texts in mathematics</subfield>
      <subfield code="a">McGraw Hill series in computer science</subfield>
      <subfield code="a">MIT Press series in logic programming</subfield>
      <subfield code="a">Biblioteca del DSM-IV</subfield>
      <subfield code="a">Educación</subfield>
      <subfield code="a">Ciencia + docencia</subfield>
      <subfield code="a">Paidós studio</subfield>
      <subfield code="v">164</subfield>
    </datafield>
    <datafield tag="650" ind1=" " ind2=" ">
      <subfield code="a"> ANTROPOLOGIA CULTURAL</subfield>
    </datafield>
    <datafield tag="650" ind1=" " ind2=" ">
      <subfield code="a"> ANTROPOLOGIA SOCIAL</subfield>
    </datafield>
    <datafield tag="650" ind1=" " ind2=" ">
      <subfield code="a"> ETNOGRAFIA</subfield>
    </datafield>
    <datafield tag="942" ind1=" " ind2=" ">
      <subfield code="c">BK</subfield>
    </datafield>
    <datafield tag="952" ind1=" " ind2=" ">
      <subfield code="a">BIB_RECT</subfield>
      <subfield code="b">BIB_UASJ</subfield>
      <subfield code="d">2007-06-20</subfield>
      <subfield code="y">BK</subfield>
      <subfield code="p">04-32488</subfield>
      <subfield code="i">04-32488</subfield>
      <subfield code="g">16</subfield>
      <subfield code="o">572 A919q</subfield>
      <subfield code="e">SIUNPA</subfield>
      <subfield code="8">CG</subfield>
    </datafield>
  </record>