
  <record>
    <leader>01000aam  22002601a 4500</leader>
    <controlfield tag="001">YPZ86579</controlfield>
    <controlfield tag="003">YPZ</controlfield>
    <controlfield tag="005">200706251154250</controlfield>
    <controlfield tag="008">070625|###########||||||b||||||||||spa|d</controlfield>
    <datafield tag="020" ind1=" " ind2=" ">
      <subfield code="a">0521606660</subfield>
    </datafield>
    <datafield tag="020" ind1=" " ind2=" ">
      <subfield code="a">0521606675 (Casete)</subfield>
    </datafield>
    <datafield tag="040" ind1=" " ind2=" ">
      <subfield code="c">SIUNPA</subfield>
    </datafield>
    <datafield tag="041" ind1=" " ind2=" ">
      <subfield code="a">eng</subfield>
    </datafield>
    <datafield tag="044" ind1=" " ind2=" ">
      <subfield code="a">US</subfield>
    </datafield>
    <datafield tag="080" ind1=" " ind2=" ">
      <subfield code="a">372.811.111 G558e3</subfield>
    </datafield>
    <datafield tag="100" ind1=" " ind2=" ">
      <subfield code="a">Glendinning, Eric H..</subfield>
    </datafield>
    <datafield tag="700" ind1=" " ind2=" ">
      <subfield code="a">Holmström, Beverly A.S..</subfield>
    </datafield>
    <datafield tag="245" ind1=" " ind2=" ">
      <subfield code="a">English in medicine</subfield>
      <subfield code="b"> : a course in communication skills</subfield>
    </datafield>
    <datafield tag="250" ind1=" " ind2=" ">
      <subfield code="a">3rd ed., 4th priting</subfield>
    </datafield>
    <datafield tag="260" ind1=" " ind2=" ">
      <subfield code="a">Cambridge, Mass.</subfield>
      <subfield code="b"> : Cambridge University Press</subfield>
      <subfield code="c"> , 2006</subfield>
    </datafield>
    <datafield tag="300" ind1=" " ind2=" ">
      <subfield code="a">xxvii, 701 p. : </subfield>
      <subfield code="b">il. ; </subfield>
      <subfield code="a">x, 354 p. : </subfield>
      <subfield code="b">il. ; </subfield>
      <subfield code="a">xviii, 652 p. : </subfield>
      <subfield code="b">il. ; </subfield>
      <subfield code="a">xvi, 223 p. : </subfield>
      <subfield code="b">il. ; </subfield>
      <subfield code="a">xix, 431 p. : </subfield>
      <subfield code="b">il. ; </subfield>
      <subfield code="a">xv, 643 p. : </subfield>
      <subfield code="b">il. ; </subfield>
      <subfield code="a">xx, 513 p. : </subfield>
      <subfield code="b">il. ; </subfield>
      <subfield code="a">xiv, 362 p. : </subfield>
      <subfield code="b">il. ; </subfield>
      <subfield code="a">xv, 278 p. : </subfield>
      <subfield code="b">il. ; </subfield>
      <subfield code="a">55 p. : </subfield>
      <subfield code="b">il. ; </subfield>
      <subfield code="a">xxxvii, 429 p. : </subfield>
      <subfield code="b">il. ; </subfield>
      <subfield code="a">xxxvi, 1133 p. : </subfield>
      <subfield code="b">il. ; </subfield>
      <subfield code="a">vi, 150 p. : </subfield>
      <subfield code="b">il. ; </subfield>
      <subfield code="e">1 casete son. (68:12 min.)</subfield>
    </datafield>
    <datafield tag="500" ind1=" " ind2=" ">
      <subfield code="a">El año de reimpresión varía según el ejemplar</subfield>
    </datafield>
    <datafield tag="650" ind1=" " ind2=" ">
      <subfield code="a"> ENSEÑANZA DEL INGLES</subfield>
    </datafield>
    <datafield tag="650" ind1=" " ind2=" ">
      <subfield code="a"> LIBROS DE TEXTO</subfield>
    </datafield>
    <datafield tag="650" ind1=" " ind2=" ">
      <subfield code="a"> MEDICINA</subfield>
    </datafield>
    <datafield tag="942" ind1=" " ind2=" ">
      <subfield code="c">BK</subfield>
    </datafield>
    <datafield tag="952" ind1=" " ind2=" ">
      <subfield code="a">BIB_RECT</subfield>
      <subfield code="b">BIB_UASJ</subfield>
      <subfield code="d">2007-06-07</subfield>
      <subfield code="y">BK</subfield>
      <subfield code="p">04-32369</subfield>
      <subfield code="i">04-32369</subfield>
      <subfield code="g">76</subfield>
      <subfield code="o">372.811.111 G558e3</subfield>
      <subfield code="e">SIUNPA</subfield>
      <subfield code="8">CG</subfield>
    </datafield>
    <datafield tag="952" ind1=" " ind2=" ">
      <subfield code="a">BIB_RECT</subfield>
      <subfield code="b">BIB_UASJ</subfield>
      <subfield code="d">2007-06-07</subfield>
      <subfield code="y">BK</subfield>
      <subfield code="p">04-32370</subfield>
      <subfield code="i">04-32370</subfield>
      <subfield code="g">76</subfield>
      <subfield code="o">372.811.111 G558e3</subfield>
      <subfield code="e">SIUNPA</subfield>
      <subfield code="8">CG</subfield>
    </datafield>
    <datafield tag="952" ind1=" " ind2=" ">
      <subfield code="a">BIB_RECT</subfield>
      <subfield code="b">SAT_PBNA</subfield>
      <subfield code="d">2007-06-19</subfield>
      <subfield code="y">BK</subfield>
      <subfield code="p">11-32474</subfield>
      <subfield code="i">11-32474</subfield>
      <subfield code="g">76</subfield>
      <subfield code="o">372.811.111 G558e3</subfield>
      <subfield code="e">SIUNPA</subfield>
      <subfield code="8">CG</subfield>
    </datafield>
    <datafield tag="952" ind1=" " ind2=" ">
      <subfield code="a">BIB_RECT</subfield>
      <subfield code="b">SAT_PBNA</subfield>
      <subfield code="d">2007-06-19</subfield>
      <subfield code="y">BK</subfield>
      <subfield code="p">11-32475</subfield>
      <subfield code="i">11-32475</subfield>
      <subfield code="g">76</subfield>
      <subfield code="o">372.811.111 G558e3</subfield>
      <subfield code="e">SIUNPA</subfield>
      <subfield code="8">CG</subfield>
    </datafield>
    <datafield tag="952" ind1=" " ind2=" ">
      <subfield code="a">BIB_RECT</subfield>
      <subfield code="b">SAT_GREG</subfield>
      <subfield code="d">2007-06-19</subfield>
      <subfield code="y">BK</subfield>
      <subfield code="p">18-32472</subfield>
      <subfield code="i">18-32472</subfield>
      <subfield code="g">76</subfield>
      <subfield code="o">372.811.111 G558e3</subfield>
      <subfield code="e">SIUNPA</subfield>
      <subfield code="8">CG</subfield>
    </datafield>
    <datafield tag="952" ind1=" " ind2=" ">
      <subfield code="a">BIB_RECT</subfield>
      <subfield code="b">SAT_GREG</subfield>
      <subfield code="d">2007-06-07</subfield>
      <subfield code="y">BK</subfield>
      <subfield code="p">18-32473</subfield>
      <subfield code="i">18-32473</subfield>
      <subfield code="g">76</subfield>
      <subfield code="o">372.811.111 G558e3</subfield>
      <subfield code="e">SIUNPA</subfield>
      <subfield code="8">CG</subfield>
    </datafield>
  </record>