
  <record>
    <leader>01000aam  22002601a 4500</leader>
    <controlfield tag="001">YPZ86590</controlfield>
    <controlfield tag="003">YPZ</controlfield>
    <controlfield tag="005">200706261623490</controlfield>
    <controlfield tag="008">070626|###########||||||b||||||||||spa|d</controlfield>
    <datafield tag="020" ind1=" " ind2=" ">
      <subfield code="a">9706863885</subfield>
    </datafield>
    <datafield tag="020" ind1=" " ind2=" ">
      <subfield code="a">9789706863881</subfield>
    </datafield>
    <datafield tag="040" ind1=" " ind2=" ">
      <subfield code="c">SIUNPA</subfield>
    </datafield>
    <datafield tag="041" ind1=" " ind2=" ">
      <subfield code="a">spa</subfield>
    </datafield>
    <datafield tag="044" ind1=" " ind2=" ">
      <subfield code="a">MX</subfield>
    </datafield>
    <datafield tag="080" ind1=" " ind2=" ">
      <subfield code="a">658.15 H557f5</subfield>
    </datafield>
    <datafield tag="100" ind1=" " ind2=" ">
      <subfield code="a">Hernández Hernández, Abraham.</subfield>
    </datafield>
    <datafield tag="700" ind1=" " ind2=" ">
      <subfield code="a">Hernández Villalobos, Abraham.</subfield>
    </datafield>
    <datafield tag="700" ind1=" " ind2=" ">
      <subfield code="a">Hernández Suárez, Alejandro.</subfield>
    </datafield>
    <datafield tag="245" ind1=" " ind2=" ">
      <subfield code="a">Formulación y evaluación de proyectos de inversión</subfield>
    </datafield>
    <datafield tag="250" ind1=" " ind2=" ">
      <subfield code="a">5a ed.</subfield>
    </datafield>
    <datafield tag="260" ind1=" " ind2=" ">
      <subfield code="a">México, D.F.</subfield>
      <subfield code="b"> : Thomson</subfield>
      <subfield code="c"> , 2005</subfield>
    </datafield>
    <datafield tag="500" ind1=" " ind2=" ">
      <subfield code="a">El año de reimpresión varía según el ejemplar</subfield>
    </datafield>
    <datafield tag="650" ind1=" " ind2=" ">
      <subfield code="a"> ADMINISTRACION DE EMPRESAS  TOMA DE DECISIONES</subfield>
    </datafield>
    <datafield tag="650" ind1=" " ind2=" ">
      <subfield code="a"> ADMINISTRACION FINANCIERA</subfield>
    </datafield>
    <datafield tag="650" ind1=" " ind2=" ">
      <subfield code="a"> INVERSIONES</subfield>
    </datafield>
    <datafield tag="650" ind1=" " ind2=" ">
      <subfield code="a"> PROYECTO DE INVERSIONES</subfield>
    </datafield>
    <datafield tag="650" ind1=" " ind2=" ">
      <subfield code="a"> EVALUACION DE PROYECTO</subfield>
    </datafield>
    <datafield tag="942" ind1=" " ind2=" ">
      <subfield code="c">BK</subfield>
    </datafield>
    <datafield tag="952" ind1=" " ind2=" ">
      <subfield code="a">BIB_RECT</subfield>
      <subfield code="b">BIB_UACO</subfield>
      <subfield code="d">2007-06-22</subfield>
      <subfield code="y">BK</subfield>
      <subfield code="p">02-32521</subfield>
      <subfield code="i">02-32521</subfield>
      <subfield code="g">39</subfield>
      <subfield code="o">658.15 H557f5</subfield>
      <subfield code="e">Compra UACO</subfield>
      <subfield code="8">CG</subfield>
    </datafield>
    <datafield tag="952" ind1=" " ind2=" ">
      <subfield code="a">BIB_RECT</subfield>
      <subfield code="b">BIB_UACO</subfield>
      <subfield code="d">2007-06-22</subfield>
      <subfield code="y">BK</subfield>
      <subfield code="p">02-32522</subfield>
      <subfield code="i">02-32522</subfield>
      <subfield code="g">39</subfield>
      <subfield code="o">658.15 H557f5</subfield>
      <subfield code="e">Compra UACO</subfield>
      <subfield code="8">CG</subfield>
    </datafield>
    <datafield tag="952" ind1=" " ind2=" ">
      <subfield code="a">BIB_RECT</subfield>
      <subfield code="b">BIB_UACO</subfield>
      <subfield code="d">2007-06-22</subfield>
      <subfield code="y">BK</subfield>
      <subfield code="p">02-32523</subfield>
      <subfield code="i">02-32523</subfield>
      <subfield code="g">39</subfield>
      <subfield code="o">658.15 H557f5</subfield>
      <subfield code="e">Compra UACO</subfield>
      <subfield code="8">CG</subfield>
    </datafield>
    <datafield tag="952" ind1=" " ind2=" ">
      <subfield code="a">BIB_RECT</subfield>
      <subfield code="b">BIB_UACO</subfield>
      <subfield code="d">2007-06-22</subfield>
      <subfield code="y">BK</subfield>
      <subfield code="p">02-32524</subfield>
      <subfield code="i">02-32524</subfield>
      <subfield code="g">39</subfield>
      <subfield code="o">658.15 H557f5</subfield>
      <subfield code="e">Compra UACO</subfield>
      <subfield code="8">CG</subfield>
    </datafield>
    <datafield tag="952" ind1=" " ind2=" ">
      <subfield code="a">BIB_RECT</subfield>
      <subfield code="b">BIB_UASJ</subfield>
      <subfield code="d">2009-12-02</subfield>
      <subfield code="y">BK</subfield>
      <subfield code="p">04-38579</subfield>
      <subfield code="i">04-38579</subfield>
      <subfield code="g">39</subfield>
      <subfield code="o">658.15 H557f5</subfield>
      <subfield code="e">UASJ</subfield>
      <subfield code="8">CG</subfield>
    </datafield>
    <datafield tag="952" ind1=" " ind2=" ">
      <subfield code="a">BIB_RECT</subfield>
      <subfield code="b">BIB_UARG</subfield>
      <subfield code="d">2010-02-24</subfield>
      <subfield code="y">BK</subfield>
      <subfield code="p">05-38685</subfield>
      <subfield code="i">05-38685</subfield>
      <subfield code="g">62.2</subfield>
      <subfield code="o">658.15 H557f5</subfield>
      <subfield code="e">Compra SIUNPA</subfield>
      <subfield code="8">CG</subfield>
    </datafield>
    <datafield tag="952" ind1=" " ind2=" ">
      <subfield code="a">BIB_RECT</subfield>
      <subfield code="b">BIB_UARG</subfield>
      <subfield code="d">2010-02-24</subfield>
      <subfield code="y">BK</subfield>
      <subfield code="p">05-38686</subfield>
      <subfield code="i">05-38686</subfield>
      <subfield code="g">62.2</subfield>
      <subfield code="o">658.15 H557f5</subfield>
      <subfield code="e">Compra SIUNPA</subfield>
      <subfield code="8">CG</subfield>
    </datafield>
    <datafield tag="952" ind1=" " ind2=" ">
      <subfield code="a">BIB_RECT</subfield>
      <subfield code="b">BIB_UARG</subfield>
      <subfield code="d">2010-02-25</subfield>
      <subfield code="y">BK</subfield>
      <subfield code="p">05-38749</subfield>
      <subfield code="i">05-38749</subfield>
      <subfield code="g">62.1</subfield>
      <subfield code="o">658.15 H557f5</subfield>
      <subfield code="e">Compra SIUNPA/09</subfield>
      <subfield code="8">CG</subfield>
    </datafield>
    <datafield tag="952" ind1=" " ind2=" ">
      <subfield code="a">BIB_RECT</subfield>
      <subfield code="b">BIB_UARG</subfield>
      <subfield code="d">2010-02-25</subfield>
      <subfield code="y">BK</subfield>
      <subfield code="p">05-38750</subfield>
      <subfield code="i">05-38750</subfield>
      <subfield code="g">62.1</subfield>
      <subfield code="o">658.15 H557f5</subfield>
      <subfield code="e">Compra SIUNPA/09</subfield>
      <subfield code="8">CG</subfield>
    </datafield>
    <datafield tag="952" ind1=" " ind2=" ">
      <subfield code="a">BIB_RECT</subfield>
      <subfield code="b">BIB_UARG</subfield>
      <subfield code="d">2010-02-25</subfield>
      <subfield code="y">BK</subfield>
      <subfield code="p">05-38751</subfield>
      <subfield code="i">05-38751</subfield>
      <subfield code="g">62.1</subfield>
      <subfield code="o">658.15 H557f5</subfield>
      <subfield code="e">Compra SIUNPA/09</subfield>
      <subfield code="8">CG</subfield>
    </datafield>
    <datafield tag="952" ind1=" " ind2=" ">
      <subfield code="a">BIB_RECT</subfield>
      <subfield code="b">BIB_UARG</subfield>
      <subfield code="d">2010-02-25</subfield>
      <subfield code="y">BK</subfield>
      <subfield code="p">05-38752</subfield>
      <subfield code="i">05-38752</subfield>
      <subfield code="g">62.1</subfield>
      <subfield code="o">658.15 H557f5</subfield>
      <subfield code="e">Compra SIUNPA/09</subfield>
      <subfield code="8">CG</subfield>
    </datafield>
  </record>