
  <record>
    <leader>01000aam  22002601a 4500</leader>
    <controlfield tag="001">YPZ86601</controlfield>
    <controlfield tag="003">YPZ</controlfield>
    <controlfield tag="005">200706271816280</controlfield>
    <controlfield tag="008">070627|###########||||||b||||||||||spa|d</controlfield>
    <datafield tag="020" ind1=" " ind2=" ">
      <subfield code="a">9284400252</subfield>
    </datafield>
    <datafield tag="040" ind1=" " ind2=" ">
      <subfield code="c">SIUNPA</subfield>
    </datafield>
    <datafield tag="041" ind1=" " ind2=" ">
      <subfield code="a">spa</subfield>
    </datafield>
    <datafield tag="044" ind1=" " ind2=" ">
      <subfield code="a">ES</subfield>
    </datafield>
    <datafield tag="080" ind1=" " ind2=" ">
      <subfield code="a">502.4 O686o</subfield>
    </datafield>
    <datafield tag="110" ind1=" " ind2=" ">
      <subfield code="a">Organización Mundial del Turismo.</subfield>
    </datafield>
    <datafield tag="710" ind1=" " ind2=" ">
      <subfield code="a">Programa de las Naciones Unidas para el Medio Ambiente.</subfield>
    </datafield>
    <datafield tag="245" ind1=" " ind2=" ">
      <subfield code="a">Ordenación de los parques nacionales y de otras zonas protegidas para el turismo</subfield>
    </datafield>
    <datafield tag="260" ind1=" " ind2=" ">
      <subfield code="a">Madrid</subfield>
      <subfield code="b"> : Organización Mundial del Turismo</subfield>
      <subfield code="b"> : Programa de las Naciones Unidas para el Medio Ambiente</subfield>
      <subfield code="c"> , reimpr. 1995</subfield>
    </datafield>
    <datafield tag="440" ind1=" " ind2=" ">
      <subfield code="a">Gestión turística</subfield>
      <subfield code="a">Serie de informes técnicos</subfield>
      <subfield code="v">13</subfield>
    </datafield>
    <datafield tag="490" ind1=" " ind2=" ">
      <subfield code="a">Gestión turística</subfield>
      <subfield code="a">Serie de informes técnicos</subfield>
      <subfield code="v">13</subfield>
    </datafield>
    <datafield tag="500" ind1=" " ind2=" ">
      <subfield code="a">Tít. de partida: directrices</subfield>
    </datafield>
    <datafield tag="650" ind1=" " ind2=" ">
      <subfield code="a"> TURISMO</subfield>
    </datafield>
    <datafield tag="650" ind1=" " ind2=" ">
      <subfield code="a"> PLANIFICACION TURISTICA</subfield>
    </datafield>
    <datafield tag="650" ind1=" " ind2=" ">
      <subfield code="a"> PARQUES NACIONALES</subfield>
    </datafield>
    <datafield tag="942" ind1=" " ind2=" ">
      <subfield code="c">BK</subfield>
    </datafield>
    <datafield tag="952" ind1=" " ind2=" ">
      <subfield code="a">BIB_RECT</subfield>
      <subfield code="b">BIB_UART</subfield>
      <subfield code="d">2007-06-22</subfield>
      <subfield code="y">BK</subfield>
      <subfield code="p">03-32528</subfield>
      <subfield code="i">03-32528</subfield>
      <subfield code="g">90.44</subfield>
      <subfield code="o">502.4 O686o</subfield>
      <subfield code="e">SIUNPA</subfield>
      <subfield code="8">CG</subfield>
    </datafield>
    <datafield tag="952" ind1=" " ind2=" ">
      <subfield code="a">BIB_RECT</subfield>
      <subfield code="b">BIB_UART</subfield>
      <subfield code="d">2008-03-14</subfield>
      <subfield code="y">BK</subfield>
      <subfield code="p">03-34617</subfield>
      <subfield code="i">03-34617</subfield>
      <subfield code="g">99.93</subfield>
      <subfield code="o">502.4 O686o</subfield>
      <subfield code="e">SIUNPA</subfield>
      <subfield code="8">CG</subfield>
    </datafield>
    <datafield tag="952" ind1=" " ind2=" ">
      <subfield code="a">BIB_RECT</subfield>
      <subfield code="b">BIB_UART</subfield>
      <subfield code="d">2008-03-14</subfield>
      <subfield code="y">BK</subfield>
      <subfield code="p">03-34618</subfield>
      <subfield code="i">03-34618</subfield>
      <subfield code="g">99.93</subfield>
      <subfield code="o">502.4 O686o</subfield>
      <subfield code="e">SIUNPA</subfield>
      <subfield code="8">CG</subfield>
    </datafield>
  </record>