
  <record>
    <leader>01000aam  22002601a 4500</leader>
    <controlfield tag="001">YPZ86634</controlfield>
    <controlfield tag="003">YPZ</controlfield>
    <controlfield tag="005">200707011547490</controlfield>
    <controlfield tag="008">070701|###########||||||b||||||||||spa|d</controlfield>
    <datafield tag="020" ind1=" " ind2=" ">
      <subfield code="a">9500516713</subfield>
    </datafield>
    <datafield tag="020" ind1=" " ind2=" ">
      <subfield code="a">9789500516716</subfield>
    </datafield>
    <datafield tag="040" ind1=" " ind2=" ">
      <subfield code="c">SIUNPA</subfield>
    </datafield>
    <datafield tag="041" ind1=" " ind2=" ">
      <subfield code="a">spa</subfield>
    </datafield>
    <datafield tag="044" ind1=" " ind2=" ">
      <subfield code="a">AR</subfield>
    </datafield>
    <datafield tag="080" ind1=" " ind2=" ">
      <subfield code="a">821.134.2(82) D148t</subfield>
    </datafield>
    <datafield tag="100" ind1=" " ind2=" ">
      <subfield code="a">Dalmaroni, Daniel.</subfield>
    </datafield>
    <datafield tag="245" ind1=" " ind2=" ">
      <subfield code="a">Teatro</subfield>
      <subfield code="c"> / Monti, Ricardo, pról.</subfield>
    </datafield>
    <datafield tag="260" ind1=" " ind2=" ">
      <subfield code="a">Buenos Aires</subfield>
      <subfield code="b"> : Corregidor</subfield>
      <subfield code="c"> , 2006</subfield>
    </datafield>
    <datafield tag="505" ind1=" " ind2=" ">
      <subfield code="a">Contenido: New York - Una tragedia argentina - La vida de los demás - Maté a un tipo - Cuando te mueras del todo - Burkina Faso</subfield>
    </datafield>
    <datafield tag="650" ind1=" " ind2=" ">
      <subfield code="a"> LITERATURA ARGENTINA</subfield>
    </datafield>
    <datafield tag="650" ind1=" " ind2=" ">
      <subfield code="a"> TEATRO</subfield>
    </datafield>
    <datafield tag="942" ind1=" " ind2=" ">
      <subfield code="c">BK</subfield>
    </datafield>
    <datafield tag="952" ind1=" " ind2=" ">
      <subfield code="a">BIB_RECT</subfield>
      <subfield code="b">BIB_UARG</subfield>
      <subfield code="d">2007-07-01</subfield>
      <subfield code="y">BK</subfield>
      <subfield code="p">05-32636</subfield>
      <subfield code="i">05-32636</subfield>
      <subfield code="g">30</subfield>
      <subfield code="o">821.134.2(82) D148t</subfield>
      <subfield code="e">Donación autor</subfield>
      <subfield code="8">CG</subfield>
    </datafield>
    <datafield tag="952" ind1=" " ind2=" ">
      <subfield code="a">BIB_RECT</subfield>
      <subfield code="b">BIB_UARG</subfield>
      <subfield code="d">2007-07-01</subfield>
      <subfield code="y">BK</subfield>
      <subfield code="p">05-32637</subfield>
      <subfield code="i">05-32637</subfield>
      <subfield code="g">30</subfield>
      <subfield code="o">821.134.2(82) D148t</subfield>
      <subfield code="e">Donación autor</subfield>
      <subfield code="8">CG</subfield>
    </datafield>
  </record>