
  <record>
    <leader>01000aam  22002601a 4500</leader>
    <controlfield tag="001">YPZ86638</controlfield>
    <controlfield tag="003">YPZ</controlfield>
    <controlfield tag="005">200707031149380</controlfield>
    <controlfield tag="008">070703|###########||||||b||||||||||spa|d</controlfield>
    <datafield tag="020" ind1=" " ind2=" ">
      <subfield code="a">970103631X</subfield>
    </datafield>
    <datafield tag="040" ind1=" " ind2=" ">
      <subfield code="c">SIUNPA</subfield>
    </datafield>
    <datafield tag="041" ind1=" " ind2=" ">
      <subfield code="a">spa</subfield>
    </datafield>
    <datafield tag="044" ind1=" " ind2=" ">
      <subfield code="a">MX</subfield>
    </datafield>
    <datafield tag="080" ind1=" " ind2=" ">
      <subfield code="a">614.2 B267d7</subfield>
    </datafield>
    <datafield tag="100" ind1=" " ind2=" ">
      <subfield code="a">Barquín Calderón, Manuel.</subfield>
    </datafield>
    <datafield tag="245" ind1=" " ind2=" ">
      <subfield code="a">Dirección de hospitales</subfield>
    </datafield>
    <datafield tag="250" ind1=" " ind2=" ">
      <subfield code="a">7a ed.</subfield>
    </datafield>
    <datafield tag="260" ind1=" " ind2=" ">
      <subfield code="a">México, D.F.</subfield>
      <subfield code="b"> : McGraw-Hill Interamericana</subfield>
      <subfield code="c"> , 2003</subfield>
    </datafield>
    <datafield tag="300" ind1=" " ind2=" ">
      <subfield code="a">456 p. : </subfield>
      <subfield code="b">il. ; </subfield>
      <subfield code="a">629 p. : </subfield>
      <subfield code="a">2 v. : </subfield>
      <subfield code="b">il. ; </subfield>
      <subfield code="a">2 v. : </subfield>
      <subfield code="b">il. ; </subfield>
      <subfield code="a">2 v. : </subfield>
      <subfield code="b">il. ; </subfield>
      <subfield code="a">48 p. : </subfield>
      <subfield code="a">xx, 347 p. : </subfield>
      <subfield code="b">il. ; </subfield>
      <subfield code="a">476 p. : </subfield>
      <subfield code="b">il. ; </subfield>
      <subfield code="a">iii, 53 p. : </subfield>
      <subfield code="b">il. ; </subfield>
      <subfield code="a">287 p. : </subfield>
      <subfield code="b">il. ; </subfield>
      <subfield code="a">[168] p. en varias paginaciones : </subfield>
      <subfield code="b">il. ; </subfield>
      <subfield code="a">111 p. : </subfield>
      <subfield code="b">il. ; </subfield>
      <subfield code="a">359 p. : </subfield>
      <subfield code="a">xxxii, 623 p. : </subfield>
      <subfield code="a">48 p. : </subfield>
      <subfield code="a">xviii, 332 p. : </subfield>
      <subfield code="b">il. ; </subfield>
      <subfield code="a">xxviii, 235 p. : </subfield>
      <subfield code="b">il. ; </subfield>
      <subfield code="a">324 p. : </subfield>
      <subfield code="b">il. ; </subfield>
      <subfield code="a">429 p. : </subfield>
      <subfield code="b">il. ; </subfield>
      <subfield code="a">il. : </subfield>
      <subfield code="a">286 p. : </subfield>
      <subfield code="a">xvi, 598 p. : </subfield>
      <subfield code="b">il. ; </subfield>
      <subfield code="a">2 v. : </subfield>
      <subfield code="b">il. ; </subfield>
      <subfield code="a">xvi, 409 p. : </subfield>
      <subfield code="b">il. ; </subfield>
      <subfield code="a">[830]  p. en varias paginaciones : </subfield>
      <subfield code="b">il. ; </subfield>
      <subfield code="a">135 p. : </subfield>
      <subfield code="b">il. ; </subfield>
      <subfield code="a">592 p. : </subfield>
      <subfield code="b">il. ; </subfield>
      <subfield code="a">367 p. : </subfield>
      <subfield code="a">139 p. : </subfield>
      <subfield code="b">il. ; </subfield>
      <subfield code="a">xvii, 719 p. : </subfield>
      <subfield code="b">il. ; </subfield>
      <subfield code="a">xiii, 131 p. : </subfield>
      <subfield code="b">il. ; </subfield>
      <subfield code="a">xxx, 1003 p. : </subfield>
      <subfield code="b">il. ; </subfield>
      <subfield code="a">310 p. : </subfield>
      <subfield code="a">206 p. : </subfield>
      <subfield code="a">xvii, 682 p. : </subfield>
      <subfield code="b">il. ; </subfield>
      <subfield code="a">v. : </subfield>
      <subfield code="a">383 p. : </subfield>
      <subfield code="a">xii, 686 p. : </subfield>
      <subfield code="b">il. ; </subfield>
      <subfield code="a">453 p. : </subfield>
      <subfield code="b">il. ; </subfield>
      <subfield code="a">568 p. : </subfield>
      <subfield code="b">il. ; </subfield>
      <subfield code="a">xxiii, 452 p. : </subfield>
      <subfield code="b">il. ; </subfield>
      <subfield code="a">207 p. : </subfield>
      <subfield code="a">489 p. : </subfield>
      <subfield code="b">il. ; </subfield>
      <subfield code="a">xii, 400 p. : </subfield>
      <subfield code="b">il. ; </subfield>
      <subfield code="a">190 p. : </subfield>
      <subfield code="b">il. ; </subfield>
      <subfield code="a">xv, 911 p. : </subfield>
      <subfield code="b">il. ; </subfield>
      <subfield code="e">1 CD-ROM en bolsillo</subfield>
    </datafield>
    <datafield tag="650" ind1=" " ind2=" ">
      <subfield code="a"> ADMINISTRACION HOSPITALARIA</subfield>
    </datafield>
    <datafield tag="650" ind1=" " ind2=" ">
      <subfield code="a"> HOSPITALES</subfield>
    </datafield>
    <datafield tag="942" ind1=" " ind2=" ">
      <subfield code="c">BK</subfield>
    </datafield>
    <datafield tag="952" ind1=" " ind2=" ">
      <subfield code="a">BIB_RECT</subfield>
      <subfield code="b">BIB_UART</subfield>
      <subfield code="d">2007-06-25</subfield>
      <subfield code="y">BK</subfield>
      <subfield code="p">03-32561</subfield>
      <subfield code="i">03-32561</subfield>
      <subfield code="g">176.4</subfield>
      <subfield code="o">614.2 B267d7</subfield>
      <subfield code="e">SIUNPA</subfield>
      <subfield code="8">CG</subfield>
    </datafield>
    <datafield tag="952" ind1=" " ind2=" ">
      <subfield code="a">BIB_RECT</subfield>
      <subfield code="b">BIB_UART</subfield>
      <subfield code="d">2007-06-25</subfield>
      <subfield code="y">BK</subfield>
      <subfield code="p">03-32562</subfield>
      <subfield code="i">03-32562</subfield>
      <subfield code="g">176.4</subfield>
      <subfield code="o">614.2 B267d7</subfield>
      <subfield code="e">SIUNPA</subfield>
      <subfield code="8">CG</subfield>
    </datafield>
    <datafield tag="952" ind1=" " ind2=" ">
      <subfield code="a">BIB_RECT</subfield>
      <subfield code="b">BIB_UART</subfield>
      <subfield code="d">2007-06-25</subfield>
      <subfield code="y">BK</subfield>
      <subfield code="p">03-32563</subfield>
      <subfield code="i">03-32563</subfield>
      <subfield code="g">176.4</subfield>
      <subfield code="o">614.2 B267d7</subfield>
      <subfield code="e">SIUNPA</subfield>
      <subfield code="8">CG</subfield>
    </datafield>
  </record>