
  <record>
    <leader>01000aam  22002601a 4500</leader>
    <controlfield tag="001">YPZ86691</controlfield>
    <controlfield tag="003">YPZ</controlfield>
    <controlfield tag="005">200707251601010</controlfield>
    <controlfield tag="008">070725|###########||||||b||||||||||spa|d</controlfield>
    <datafield tag="020" ind1=" " ind2=" ">
      <subfield code="a">9875471437 (libro)</subfield>
    </datafield>
    <datafield tag="020" ind1=" " ind2=" ">
      <subfield code="a">9875472115 (campo de deportes)</subfield>
    </datafield>
    <datafield tag="020" ind1=" " ind2=" ">
      <subfield code="a">9875472069 (PRE primero)</subfield>
    </datafield>
    <datafield tag="040" ind1=" " ind2=" ">
      <subfield code="c">SIUNPA</subfield>
    </datafield>
    <datafield tag="041" ind1=" " ind2=" ">
      <subfield code="a">spa</subfield>
    </datafield>
    <datafield tag="044" ind1=" " ind2=" ">
      <subfield code="a">AR</subfield>
    </datafield>
    <datafield tag="080" ind1=" " ind2=" ">
      <subfield code="a">371.671 M457m 1</subfield>
    </datafield>
    <datafield tag="100" ind1=" " ind2=" ">
      <subfield code="a">Giunta, Marcela F..</subfield>
    </datafield>
    <datafield tag="700" ind1=" " ind2=" ">
      <subfield code="a">Mandrá, Analía H..</subfield>
    </datafield>
    <datafield tag="700" ind1=" " ind2=" ">
      <subfield code="a">Ruiz, Lucía S..</subfield>
    </datafield>
    <datafield tag="700" ind1=" " ind2=" ">
      <subfield code="a">Vázquez, Celeste.</subfield>
    </datafield>
    <datafield tag="245" ind1=" " ind2=" ">
      <subfield code="a">Mauro y Emilia 1</subfield>
    </datafield>
    <datafield tag="250" ind1=" " ind2=" ">
      <subfield code="a">1a ed.</subfield>
    </datafield>
    <datafield tag="260" ind1=" " ind2=" ">
      <subfield code="a">Buenos Aires</subfield>
      <subfield code="b"> : Puerto de Palos</subfield>
      <subfield code="c"> , 2004</subfield>
    </datafield>
    <datafield tag="300" ind1=" " ind2=" ">
      <subfield code="a">216 p. : </subfield>
      <subfield code="b">il. ; </subfield>
      <subfield code="a">256 p. : </subfield>
      <subfield code="b">il. ; </subfield>
      <subfield code="a">v. : </subfield>
      <subfield code="b">il. ; </subfield>
      <subfield code="a">364 p. : </subfield>
      <subfield code="a">364 p. : </subfield>
      <subfield code="a">239 p. : </subfield>
      <subfield code="b">il. ; </subfield>
      <subfield code="a">xxxix,1013,[66] p. : </subfield>
      <subfield code="b">il. ; </subfield>
      <subfield code="a">xxvi, [1153] p. en varias paginaciones : </subfield>
      <subfield code="b">il. ; </subfield>
      <subfield code="a">xxxviii, [1011] p. en varias paginaciones : </subfield>
      <subfield code="b">il. ; </subfield>
      <subfield code="a">736 p. : </subfield>
      <subfield code="b">il. ; </subfield>
      <subfield code="a">126 p. : </subfield>
      <subfield code="a">303 p. : </subfield>
      <subfield code="a">332 p. : </subfield>
      <subfield code="a">208 p. : </subfield>
      <subfield code="a">622 p. : </subfield>
      <subfield code="a">64 p. : </subfield>
      <subfield code="b">il. ; </subfield>
      <subfield code="a">512 p. : </subfield>
      <subfield code="b">il. ; </subfield>
      <subfield code="a">319 p. : </subfield>
      <subfield code="b">il. ; </subfield>
      <subfield code="e">2 folletos (23 y 47 p.)</subfield>
    </datafield>
    <datafield tag="505" ind1=" " ind2=" ">
      <subfield code="a">Contenido de folletos: Campo de deportes: la cursiva / Lucía Ruiz (23 p.) - Mauro y Emilia 1: pre primero / Marcela F. Giunta; Lucía S. Ruiz; Celeste Vázquez (47 p.)</subfield>
    </datafield>
    <datafield tag="650" ind1=" " ind2=" ">
      <subfield code="a"> LIBROS DE TEXTO</subfield>
    </datafield>
    <datafield tag="650" ind1=" " ind2=" ">
      <subfield code="a"> ACTIVIDADES DE APRENDIZAJE</subfield>
    </datafield>
    <datafield tag="650" ind1=" " ind2=" ">
      <subfield code="a"> EGB</subfield>
    </datafield>
    <datafield tag="942" ind1=" " ind2=" ">
      <subfield code="c">BK</subfield>
    </datafield>
    <datafield tag="952" ind1=" " ind2=" ">
      <subfield code="a">BIB_RECT</subfield>
      <subfield code="b">BIB_UASJ</subfield>
      <subfield code="d">2007-07-24</subfield>
      <subfield code="y">BK</subfield>
      <subfield code="p">04-32660</subfield>
      <subfield code="i">04-32660</subfield>
      <subfield code="g">20</subfield>
      <subfield code="o">371.671 M457m 1</subfield>
      <subfield code="e">Programa Apoyo Escolar</subfield>
      <subfield code="8">CG</subfield>
    </datafield>
    <datafield tag="952" ind1=" " ind2=" ">
      <subfield code="a">BIB_RECT</subfield>
      <subfield code="b">BIB_UASJ</subfield>
      <subfield code="d">2007-07-24</subfield>
      <subfield code="y">BK</subfield>
      <subfield code="p">04-32661</subfield>
      <subfield code="i">04-32661</subfield>
      <subfield code="g">10</subfield>
      <subfield code="o">371.671 M457m 1</subfield>
      <subfield code="e">Programa de Apoyo Escolar</subfield>
      <subfield code="8">CG</subfield>
    </datafield>
    <datafield tag="952" ind1=" " ind2=" ">
      <subfield code="a">BIB_RECT</subfield>
      <subfield code="b">BIB_UASJ</subfield>
      <subfield code="d">2007-07-24</subfield>
      <subfield code="y">BK</subfield>
      <subfield code="p">04-32662</subfield>
      <subfield code="i">04-32662</subfield>
      <subfield code="g">5</subfield>
      <subfield code="o">371.671 M457m 1</subfield>
      <subfield code="e">Programa de Apoyo Escolar</subfield>
      <subfield code="8">CG</subfield>
    </datafield>
  </record>