
  <record>
    <leader>01000aam  22002601a 4500</leader>
    <controlfield tag="001">YPZ86716</controlfield>
    <controlfield tag="003">YPZ</controlfield>
    <controlfield tag="005">200707301803250</controlfield>
    <controlfield tag="008">070730|###########||||||b||||||||||spa|d</controlfield>
    <datafield tag="020" ind1=" " ind2=" ">
      <subfield code="a">9871242093</subfield>
    </datafield>
    <datafield tag="040" ind1=" " ind2=" ">
      <subfield code="c">SIUNPA</subfield>
    </datafield>
    <datafield tag="041" ind1=" " ind2=" ">
      <subfield code="a">spa</subfield>
    </datafield>
    <datafield tag="044" ind1=" " ind2=" ">
      <subfield code="a">AR</subfield>
    </datafield>
    <datafield tag="080" ind1=" " ind2=" ">
      <subfield code="a">908(828.8) C894c</subfield>
    </datafield>
    <datafield tag="245" ind1=" " ind2=" ">
      <subfield code="a">La cuenca del río Coyle</subfield>
      <subfield code="b"> : estado actual de las investigaciones</subfield>
      <subfield code="c"> / Belardi, Juan Bautista, ed. ; Carballo Marina, Flavia, ed. ; Espinosa, Silvana, ed.</subfield>
    </datafield>
    <datafield tag="260" ind1=" " ind2=" ">
      <subfield code="a">Río Gallegos</subfield>
      <subfield code="b"> : UNPA</subfield>
      <subfield code="c"> , 2006</subfield>
    </datafield>
    <datafield tag="650" ind1=" " ind2=" ">
      <subfield code="a"> ARQUEOLOGIA</subfield>
    </datafield>
    <datafield tag="650" ind1=" " ind2=" ">
      <subfield code="a"> PALEONTOLOGIA</subfield>
    </datafield>
    <datafield tag="650" ind1=" " ind2=" ">
      <subfield code="a"> HISTORIA DE SANTA CRUZ</subfield>
    </datafield>
    <datafield tag="650" ind1=" " ind2=" ">
      <subfield code="a"> SANTA CRUZ (ARGENTINA)</subfield>
    </datafield>
    <datafield tag="942" ind1=" " ind2=" ">
      <subfield code="c">BK</subfield>
    </datafield>
    <datafield tag="952" ind1=" " ind2=" ">
      <subfield code="a">BIB_RECT</subfield>
      <subfield code="b">BIB_UACO</subfield>
      <subfield code="d">2007-07-27</subfield>
      <subfield code="y">BK</subfield>
      <subfield code="p">02-32745</subfield>
      <subfield code="i">02-32745</subfield>
      <subfield code="g">25</subfield>
      <subfield code="o">908(828.8) C894c</subfield>
      <subfield code="e">Secretaría de Extensión - UNPA</subfield>
      <subfield code="8">CG</subfield>
    </datafield>
    <datafield tag="952" ind1=" " ind2=" ">
      <subfield code="a">BIB_RECT</subfield>
      <subfield code="b">BIB_UART</subfield>
      <subfield code="d">2007-07-26</subfield>
      <subfield code="y">BK</subfield>
      <subfield code="p">03-32731</subfield>
      <subfield code="i">03-32731</subfield>
      <subfield code="g">25</subfield>
      <subfield code="o">908(828.8) C894c</subfield>
      <subfield code="e">Secretaría de Extensión - UNPA</subfield>
      <subfield code="8">CG</subfield>
    </datafield>
    <datafield tag="952" ind1=" " ind2=" ">
      <subfield code="a">BIB_RECT</subfield>
      <subfield code="b">BIB_UASJ</subfield>
      <subfield code="d">2007-07-27</subfield>
      <subfield code="y">BK</subfield>
      <subfield code="p">04-32748</subfield>
      <subfield code="i">04-32748</subfield>
      <subfield code="g">25</subfield>
      <subfield code="o">908(828.8) C894c</subfield>
      <subfield code="e">Secretaría de Extensión - UNPA</subfield>
      <subfield code="8">CG</subfield>
    </datafield>
    <datafield tag="952" ind1=" " ind2=" ">
      <subfield code="a">BIB_RECT</subfield>
      <subfield code="b">BIB_UARG</subfield>
      <subfield code="d">2007-07-26</subfield>
      <subfield code="y">BK</subfield>
      <subfield code="p">05-32736</subfield>
      <subfield code="i">05-32736</subfield>
      <subfield code="g">25</subfield>
      <subfield code="o">908(828.8) C894c</subfield>
      <subfield code="e">Secretaría de Extensión - UNPA</subfield>
      <subfield code="8">CG</subfield>
    </datafield>
    <datafield tag="952" ind1=" " ind2=" ">
      <subfield code="a">BIB_RECT</subfield>
      <subfield code="b">SAT_TRUN</subfield>
      <subfield code="d">2007-07-26</subfield>
      <subfield code="y">BK</subfield>
      <subfield code="p">10-32742</subfield>
      <subfield code="i">10-32742</subfield>
      <subfield code="g">25</subfield>
      <subfield code="o">908(828.8) C894c</subfield>
      <subfield code="e">Secretaría de Extensión - UNPA</subfield>
      <subfield code="8">CG</subfield>
    </datafield>
    <datafield tag="952" ind1=" " ind2=" ">
      <subfield code="a">BIB_RECT</subfield>
      <subfield code="b">SAT_PBNA</subfield>
      <subfield code="d">2007-07-25</subfield>
      <subfield code="y">BK</subfield>
      <subfield code="p">11-32722</subfield>
      <subfield code="i">11-32722</subfield>
      <subfield code="g">25</subfield>
      <subfield code="o">908(828.8) C894c</subfield>
      <subfield code="e">Secretaría de Extensión - UNPA</subfield>
      <subfield code="8">CG</subfield>
    </datafield>
    <datafield tag="952" ind1=" " ind2=" "/>
    <datafield tag="952" ind1=" " ind2=" "/>
    <datafield tag="952" ind1=" " ind2=" "/>
    <datafield tag="952" ind1=" " ind2=" ">
      <subfield code="a">BIB_RECT</subfield>
      <subfield code="b">SAT_GREG</subfield>
      <subfield code="d">2007-07-25</subfield>
      <subfield code="y">BK</subfield>
      <subfield code="p">18-32728</subfield>
      <subfield code="i">18-32728</subfield>
      <subfield code="g">25</subfield>
      <subfield code="o">908(828.8) C894c</subfield>
      <subfield code="e">Secretaría de Extensión - UNPA</subfield>
      <subfield code="8">CG</subfield>
    </datafield>
    <datafield tag="952" ind1=" " ind2=" "/>
  </record>