
  <record>
    <leader>01000aam  22002601a 4500</leader>
    <controlfield tag="001">YPZ86724</controlfield>
    <controlfield tag="003">YPZ</controlfield>
    <controlfield tag="005">200708011804430</controlfield>
    <controlfield tag="008">070801|###########||||||b||||||||||spa|d</controlfield>
    <datafield tag="020" ind1=" " ind2=" ">
      <subfield code="a">9505062583</subfield>
    </datafield>
    <datafield tag="040" ind1=" " ind2=" ">
      <subfield code="c">SIUNPA</subfield>
    </datafield>
    <datafield tag="041" ind1=" " ind2=" ">
      <subfield code="a">spa</subfield>
    </datafield>
    <datafield tag="044" ind1=" " ind2=" ">
      <subfield code="a">AR</subfield>
    </datafield>
    <datafield tag="080" ind1=" " ind2=" ">
      <subfield code="a">81'22 M188f</subfield>
    </datafield>
    <datafield tag="100" ind1=" " ind2=" ">
      <subfield code="a">Magariños de Morentín, Juan Angel.</subfield>
    </datafield>
    <datafield tag="245" ind1=" " ind2=" ">
      <subfield code="a">Los fundamentos lógicos de la semiótica y su práctica</subfield>
    </datafield>
    <datafield tag="250" ind1=" " ind2=" ">
      <subfield code="a">1a ed.</subfield>
    </datafield>
    <datafield tag="260" ind1=" " ind2=" ">
      <subfield code="a">Buenos Aires</subfield>
      <subfield code="b"> : Edicial</subfield>
      <subfield code="c"> , 1996</subfield>
    </datafield>
    <datafield tag="650" ind1=" " ind2=" ">
      <subfield code="a"> SEMIOTICA</subfield>
    </datafield>
    <datafield tag="650" ind1=" " ind2=" ">
      <subfield code="a"> LINGÜISTICA</subfield>
    </datafield>
    <datafield tag="650" ind1=" " ind2=" ">
      <subfield code="a"> SEMIOLOGIA</subfield>
    </datafield>
    <datafield tag="942" ind1=" " ind2=" ">
      <subfield code="c">BK</subfield>
    </datafield>
    <datafield tag="952" ind1=" " ind2=" ">
      <subfield code="a">BIB_RECT</subfield>
      <subfield code="b">BIB_UARG</subfield>
      <subfield code="d">2007-07-31</subfield>
      <subfield code="y">BK</subfield>
      <subfield code="p">05-32766</subfield>
      <subfield code="i">05-32766</subfield>
      <subfield code="g">65</subfield>
      <subfield code="o">81'22 M188f</subfield>
      <subfield code="e">Donación Firpo, Rosana</subfield>
      <subfield code="8">CG</subfield>
    </datafield>
  </record>