
  <record>
    <leader>01000aam  22002601a 4500</leader>
    <controlfield tag="001">YPZ86749</controlfield>
    <controlfield tag="003">YPZ</controlfield>
    <controlfield tag="005">200708071115010</controlfield>
    <controlfield tag="008">070807|###########||||||b||||||||||spa|d</controlfield>
    <datafield tag="020" ind1=" " ind2=" ">
      <subfield code="a">9501240924</subfield>
    </datafield>
    <datafield tag="040" ind1=" " ind2=" ">
      <subfield code="c">SIUNPA</subfield>
    </datafield>
    <datafield tag="080" ind1=" " ind2=" ">
      <subfield code="a">159.946.4 D352s</subfield>
    </datafield>
    <datafield tag="100" ind1=" " ind2=" ">
      <subfield code="a">Delgado, Luis Carlos H..</subfield>
    </datafield>
    <datafield tag="245" ind1=" " ind2=" ">
      <subfield code="a">Análisis estructural del dibujo libre</subfield>
    </datafield>
    <datafield tag="250" ind1=" " ind2=" ">
      <subfield code="a">1a ed.</subfield>
    </datafield>
    <datafield tag="260" ind1=" " ind2=" ">
      <subfield code="a">Buenos Aires</subfield>
      <subfield code="b"> : Paidós</subfield>
      <subfield code="c"> , 1983</subfield>
    </datafield>
    <datafield tag="440" ind1=" " ind2=" ">
      <subfield code="a">Colección Edicial universidad. Lengua - Lingüística - Comunicación</subfield>
      <subfield code="a">Colección salud colectiva</subfield>
      <subfield code="a">Biblioteca de Psicología y Psicoanálisis</subfield>
      <subfield code="a">Colección psicología contemporánea</subfield>
      <subfield code="a">Colección psicología contemporánea</subfield>
      <subfield code="a">Biblioteca pedagógica. Problemática de la Educación</subfield>
      <subfield code="a">Biblioteca de Psicología profunda</subfield>
      <subfield code="v">92</subfield>
    </datafield>
    <datafield tag="490" ind1=" " ind2=" ">
      <subfield code="a">Colección Edicial universidad. Lengua - Lingüística - Comunicación</subfield>
      <subfield code="a">Colección salud colectiva</subfield>
      <subfield code="a">Biblioteca de Psicología y Psicoanálisis</subfield>
      <subfield code="a">Colección psicología contemporánea</subfield>
      <subfield code="a">Colección psicología contemporánea</subfield>
      <subfield code="a">Biblioteca pedagógica. Problemática de la Educación</subfield>
      <subfield code="a">Biblioteca de Psicología profunda</subfield>
      <subfield code="v">92</subfield>
    </datafield>
    <datafield tag="650" ind1=" " ind2=" ">
      <subfield code="a"> PSICOLOGIA INFANTIL</subfield>
    </datafield>
    <datafield tag="650" ind1=" " ind2=" ">
      <subfield code="a"> DIBUJO</subfield>
    </datafield>
    <datafield tag="650" ind1=" " ind2=" ">
      <subfield code="a"> PSICOLOGIA DE LA GESTALT</subfield>
    </datafield>
    <datafield tag="650" ind1=" " ind2=" ">
      <subfield code="a"> ESTRUCTURALISMO</subfield>
    </datafield>
    <datafield tag="942" ind1=" " ind2=" ">
      <subfield code="c">BK</subfield>
    </datafield>
    <datafield tag="952" ind1=" " ind2=" ">
      <subfield code="a">BIB_RECT</subfield>
      <subfield code="b">BIB_UARG</subfield>
      <subfield code="d">2007-08-01</subfield>
      <subfield code="y">BK</subfield>
      <subfield code="p">05-32794</subfield>
      <subfield code="i">05-32794</subfield>
      <subfield code="g">28</subfield>
      <subfield code="o">159.946.4 D352s</subfield>
      <subfield code="e">Donación Furlano, Graciela</subfield>
      <subfield code="8">CG</subfield>
    </datafield>
  </record>