
  <record>
    <leader>01000aam  22002601a 4500</leader>
    <controlfield tag="001">YPZ86770</controlfield>
    <controlfield tag="003">YPZ</controlfield>
    <controlfield tag="005">200708081623410</controlfield>
    <controlfield tag="008">070808|###########||||||b||||||||||spa|d</controlfield>
    <datafield tag="020" ind1=" " ind2=" ">
      <subfield code="a">8449305276</subfield>
    </datafield>
    <datafield tag="040" ind1=" " ind2=" ">
      <subfield code="c">SIUNPA</subfield>
    </datafield>
    <datafield tag="041" ind1=" " ind2=" ">
      <subfield code="a">spa</subfield>
    </datafield>
    <datafield tag="044" ind1=" " ind2=" ">
      <subfield code="a">ES</subfield>
    </datafield>
    <datafield tag="080" ind1=" " ind2=" ">
      <subfield code="a">159.922.1 M741h</subfield>
    </datafield>
    <datafield tag="100" ind1=" " ind2=" ">
      <subfield code="a">Mondimore, Francis Mark.</subfield>
    </datafield>
    <datafield tag="245" ind1=" " ind2=" ">
      <subfield code="a">Una historia natural de la homosexualidad</subfield>
      <subfield code="c"> / Jaumà, Mireille, tr.</subfield>
    </datafield>
    <datafield tag="250" ind1=" " ind2=" ">
      <subfield code="a">1a ed.</subfield>
    </datafield>
    <datafield tag="260" ind1=" " ind2=" ">
      <subfield code="a">Barcelona</subfield>
      <subfield code="b"> : Paidós</subfield>
      <subfield code="c"> , 1998</subfield>
    </datafield>
    <datafield tag="440" ind1=" " ind2=" ">
      <subfield code="a">Colección hombre y sociedad. Filosofía</subfield>
      <subfield code="a">Nuevos instrumentos universitarios</subfield>
      <subfield code="a">Biblioteca de Psiclogía y Psicoanálisis</subfield>
      <subfield code="a">Biblioteca de Psiclogía y Psicoanálisis</subfield>
      <subfield code="a">Colección imago mundi</subfield>
      <subfield code="a">Colección hombre y sociedad. Serie CLA.DE.MA.</subfield>
      <subfield code="a">Paidós contextos</subfield>
      <subfield code="v">35</subfield>
    </datafield>
    <datafield tag="490" ind1=" " ind2=" ">
      <subfield code="a">Colección hombre y sociedad. Filosofía</subfield>
      <subfield code="a">Nuevos instrumentos universitarios</subfield>
      <subfield code="a">Biblioteca de Psiclogía y Psicoanálisis</subfield>
      <subfield code="a">Biblioteca de Psiclogía y Psicoanálisis</subfield>
      <subfield code="a">Colección imago mundi</subfield>
      <subfield code="a">Colección hombre y sociedad. Serie CLA.DE.MA.</subfield>
      <subfield code="a">Paidós contextos</subfield>
      <subfield code="v">35</subfield>
    </datafield>
    <datafield tag="650" ind1=" " ind2=" ">
      <subfield code="a"> HOMOSEXUALIDAD</subfield>
    </datafield>
    <datafield tag="650" ind1=" " ind2=" ">
      <subfield code="a"> ESTUDIOS DE GENERO</subfield>
    </datafield>
    <datafield tag="650" ind1=" " ind2=" ">
      <subfield code="a"> PSICOLOGIA SEXUAL</subfield>
    </datafield>
    <datafield tag="942" ind1=" " ind2=" ">
      <subfield code="c">BK</subfield>
    </datafield>
    <datafield tag="952" ind1=" " ind2=" ">
      <subfield code="a">BIB_RECT</subfield>
      <subfield code="b">BIB_UARG</subfield>
      <subfield code="d">2007-08-02</subfield>
      <subfield code="y">BK</subfield>
      <subfield code="p">05-32826</subfield>
      <subfield code="i">05-32826</subfield>
      <subfield code="g">24</subfield>
      <subfield code="o">159.922.1 M741h</subfield>
      <subfield code="e">PI 29/A099</subfield>
      <subfield code="8">CG</subfield>
    </datafield>
  </record>