
  <record>
    <leader>01000aam  22002601a 4500</leader>
    <controlfield tag="001">YPZ86803</controlfield>
    <controlfield tag="003">YPZ</controlfield>
    <controlfield tag="005">200708131527140</controlfield>
    <controlfield tag="008">070813|###########||||||b||||||||||spa|d</controlfield>
    <datafield tag="020" ind1=" " ind2=" ">
      <subfield code="a">9684227809</subfield>
    </datafield>
    <datafield tag="040" ind1=" " ind2=" ">
      <subfield code="c">SIUNPA</subfield>
    </datafield>
    <datafield tag="041" ind1=" " ind2=" ">
      <subfield code="a">spa</subfield>
    </datafield>
    <datafield tag="044" ind1=" " ind2=" ">
      <subfield code="a">MX</subfield>
    </datafield>
    <datafield tag="080" ind1=" " ind2=" ">
      <subfield code="a">536.7 W277t5</subfield>
    </datafield>
    <datafield tag="100" ind1=" " ind2=" ">
      <subfield code="a">Wark, Kenneth.</subfield>
    </datafield>
    <datafield tag="245" ind1=" " ind2=" ">
      <subfield code="a">Termodinámica</subfield>
      <subfield code="b"> : 5a. ed.</subfield>
      <subfield code="c"> / Torres Vázquez, José Luis, tr. ; Sánchez Trujillo, Carlos Manuel, tr. ; Núñez Orozco, Félix, rev. técnica</subfield>
    </datafield>
    <datafield tag="250" ind1=" " ind2=" ">
      <subfield code="a">2a ed. en español</subfield>
    </datafield>
    <datafield tag="260" ind1=" " ind2=" ">
      <subfield code="a">Naucalpan de Juárez, México</subfield>
      <subfield code="b"> : McGraw-Hill</subfield>
      <subfield code="c"> , 1991</subfield>
    </datafield>
    <datafield tag="650" ind1=" " ind2=" ">
      <subfield code="a"> TERMODINAMICA</subfield>
    </datafield>
    <datafield tag="942" ind1=" " ind2=" ">
      <subfield code="c">BK</subfield>
    </datafield>
    <datafield tag="952" ind1=" " ind2=" ">
      <subfield code="a">BIB_RECT</subfield>
      <subfield code="b">BIB_UACO</subfield>
      <subfield code="d">2000-04-20</subfield>
      <subfield code="y">BK</subfield>
      <subfield code="p">02-05661</subfield>
      <subfield code="i">02-05661</subfield>
      <subfield code="g">68</subfield>
      <subfield code="o">536.7 W277t5</subfield>
      <subfield code="e">FOMEC 585/97</subfield>
      <subfield code="8">CG</subfield>
    </datafield>
    <datafield tag="952" ind1=" " ind2=" ">
      <subfield code="a">BIB_RECT</subfield>
      <subfield code="b">BIB_UACO</subfield>
      <subfield code="d">2000-04-20</subfield>
      <subfield code="y">BK</subfield>
      <subfield code="p">02-05662</subfield>
      <subfield code="i">02-05662</subfield>
      <subfield code="g">68</subfield>
      <subfield code="o">536.7 W277t5</subfield>
      <subfield code="e">FOMEC 585/97</subfield>
      <subfield code="8">CG</subfield>
    </datafield>
    <datafield tag="952" ind1=" " ind2=" ">
      <subfield code="a">BIB_RECT</subfield>
      <subfield code="b">BIB_UACO</subfield>
      <subfield code="d">2000-04-20</subfield>
      <subfield code="y">BK</subfield>
      <subfield code="p">02-05663</subfield>
      <subfield code="i">02-05663</subfield>
      <subfield code="g">68</subfield>
      <subfield code="o">536.7 W277t5</subfield>
      <subfield code="e">Fomec 585/97</subfield>
      <subfield code="8">CG</subfield>
    </datafield>
    <datafield tag="952" ind1=" " ind2=" ">
      <subfield code="a">BIB_RECT</subfield>
      <subfield code="b">BIB_UACO</subfield>
      <subfield code="d">2000-04-20</subfield>
      <subfield code="y">BK</subfield>
      <subfield code="p">02-05664</subfield>
      <subfield code="i">02-05664</subfield>
      <subfield code="g">68</subfield>
      <subfield code="o">536.7 W277t5</subfield>
      <subfield code="e">Fomec 585/97</subfield>
      <subfield code="8">CG</subfield>
    </datafield>
    <datafield tag="952" ind1=" " ind2=" ">
      <subfield code="a">BIB_RECT</subfield>
      <subfield code="b">BIB_UACO</subfield>
      <subfield code="d">2006-12-21</subfield>
      <subfield code="y">BK</subfield>
      <subfield code="p">02-05665</subfield>
      <subfield code="i">02-05665</subfield>
      <subfield code="g">0</subfield>
      <subfield code="o">536.7 W277t5</subfield>
      <subfield code="e">Migración UACO</subfield>
      <subfield code="8">CG</subfield>
    </datafield>
  </record>