
  <record>
    <leader>01000aam  22002601a 4500</leader>
    <controlfield tag="001">YPZ86808</controlfield>
    <controlfield tag="003">YPZ</controlfield>
    <controlfield tag="005">200708151214140</controlfield>
    <controlfield tag="008">070815|###########||||||b||||||||||spa|d</controlfield>
    <datafield tag="020" ind1=" " ind2=" ">
      <subfield code="a">9879094409</subfield>
    </datafield>
    <datafield tag="040" ind1=" " ind2=" ">
      <subfield code="c">SIUNPA</subfield>
    </datafield>
    <datafield tag="080" ind1=" " ind2=" ">
      <subfield code="a">65.01 A473t</subfield>
    </datafield>
    <datafield tag="100" ind1=" " ind2=" ">
      <subfield code="a">Alvarez, Héctor Felipe.</subfield>
    </datafield>
    <datafield tag="245" ind1=" " ind2=" ">
      <subfield code="a">Teoría de las organizaciones</subfield>
    </datafield>
    <datafield tag="250" ind1=" " ind2=" ">
      <subfield code="a">1a ed.</subfield>
    </datafield>
    <datafield tag="260" ind1=" " ind2=" ">
      <subfield code="a">Córdoba</subfield>
      <subfield code="b"> : Eudecor</subfield>
      <subfield code="c"> , 1997</subfield>
    </datafield>
    <datafield tag="650" ind1=" " ind2=" ">
      <subfield code="a"> ADMINISTRACION DE EMPRESAS</subfield>
    </datafield>
    <datafield tag="650" ind1=" " ind2=" ">
      <subfield code="a"> TEORIA DE LA ORGANIZACION</subfield>
    </datafield>
    <datafield tag="650" ind1=" " ind2=" ">
      <subfield code="a"> TEORIAS DE LA ADMINISTRACION</subfield>
    </datafield>
    <datafield tag="650" ind1=" " ind2=" ">
      <subfield code="a"> ORGANIZACION DE LA EMPRESA</subfield>
    </datafield>
    <datafield tag="650" ind1=" " ind2=" ">
      <subfield code="a"> GESTION EMPRESARIAL </subfield>
    </datafield>
    <datafield tag="650" ind1=" " ind2=" ">
      <subfield code="a"> TOMA DE DECISIONES</subfield>
    </datafield>
    <datafield tag="942" ind1=" " ind2=" ">
      <subfield code="c">BK</subfield>
    </datafield>
    <datafield tag="952" ind1=" " ind2=" ">
      <subfield code="a">BIB_RECT</subfield>
      <subfield code="b">BIB_UACO</subfield>
      <subfield code="d">2001-07-27</subfield>
      <subfield code="y">BK</subfield>
      <subfield code="p">02-07157</subfield>
      <subfield code="i">02-07157</subfield>
      <subfield code="g">21.5</subfield>
      <subfield code="o">65.01 A473t</subfield>
      <subfield code="e">Compra UACO</subfield>
      <subfield code="8">CG</subfield>
    </datafield>
    <datafield tag="952" ind1=" " ind2=" ">
      <subfield code="a">BIB_RECT</subfield>
      <subfield code="b">BIB_UACO</subfield>
      <subfield code="d">2008-08-08</subfield>
      <subfield code="y">BK</subfield>
      <subfield code="p">02-07158</subfield>
      <subfield code="i">02-07158</subfield>
      <subfield code="g">21.5</subfield>
      <subfield code="o">65.01 A473t</subfield>
      <subfield code="e">Compra UACO</subfield>
      <subfield code="8">CG</subfield>
    </datafield>
    <datafield tag="952" ind1=" " ind2=" ">
      <subfield code="a">BIB_RECT</subfield>
      <subfield code="b">BIB_UACO</subfield>
      <subfield code="d">2003-03-14</subfield>
      <subfield code="y">BK</subfield>
      <subfield code="p">02-07988</subfield>
      <subfield code="i">02-07988</subfield>
      <subfield code="g">21.5</subfield>
      <subfield code="o">65.01 A473t</subfield>
      <subfield code="e">FOMEC585/97</subfield>
      <subfield code="8">CG</subfield>
    </datafield>
    <datafield tag="952" ind1=" " ind2=" ">
      <subfield code="a">BIB_RECT</subfield>
      <subfield code="b">BIB_UACO</subfield>
      <subfield code="d">2003-03-14</subfield>
      <subfield code="y">BK</subfield>
      <subfield code="p">02-07989</subfield>
      <subfield code="i">02-07989</subfield>
      <subfield code="g">21.5</subfield>
      <subfield code="o">65.01 A473t</subfield>
      <subfield code="e">FOMEC585/97</subfield>
      <subfield code="8">CG</subfield>
    </datafield>
    <datafield tag="952" ind1=" " ind2=" ">
      <subfield code="a">BIB_RECT</subfield>
      <subfield code="b">BIB_UACO</subfield>
      <subfield code="d">2003-03-14</subfield>
      <subfield code="y">BK</subfield>
      <subfield code="p">02-07990</subfield>
      <subfield code="i">02-07990</subfield>
      <subfield code="g">21.5</subfield>
      <subfield code="o">65.01 A473t</subfield>
      <subfield code="e">FOMEC585/97</subfield>
      <subfield code="8">CG</subfield>
    </datafield>
  </record>