
  <record>
    <leader>01000aam  22002601a 4500</leader>
    <controlfield tag="001">YPZ86812</controlfield>
    <controlfield tag="003">YPZ</controlfield>
    <controlfield tag="005">200708151612500</controlfield>
    <controlfield tag="008">070815|###########||||||b||||||||||spa|d</controlfield>
    <datafield tag="020" ind1=" " ind2=" ">
      <subfield code="a">8420681768</subfield>
    </datafield>
    <datafield tag="040" ind1=" " ind2=" ">
      <subfield code="c">SIUNPA</subfield>
    </datafield>
    <datafield tag="041" ind1=" " ind2=" ">
      <subfield code="a">spa</subfield>
    </datafield>
    <datafield tag="044" ind1=" " ind2=" ">
      <subfield code="a">ES</subfield>
    </datafield>
    <datafield tag="080" ind1=" " ind2=" ">
      <subfield code="a">316 G453s3</subfield>
    </datafield>
    <datafield tag="100" ind1=" " ind2=" ">
      <subfield code="a">Giddens, Anthony.</subfield>
    </datafield>
    <datafield tag="245" ind1=" " ind2=" ">
      <subfield code="a">Sociología</subfield>
      <subfield code="c"> / Cuellar Menezo, Jesús, rev. técnica</subfield>
    </datafield>
    <datafield tag="250" ind1=" " ind2=" ">
      <subfield code="a">3a ed. rev.</subfield>
    </datafield>
    <datafield tag="260" ind1=" " ind2=" ">
      <subfield code="a">Madrid</subfield>
      <subfield code="b"> : Alianza</subfield>
      <subfield code="c"> , 2000</subfield>
    </datafield>
    <datafield tag="440" ind1=" " ind2=" ">
      <subfield code="a">Atopia</subfield>
      <subfield code="a">Educación</subfield>
      <subfield code="a">Critical perspectives</subfield>
      <subfield code="a">Educación</subfield>
      <subfield code="a">Colección Educación hoy</subfield>
      <subfield code="a">Colección respuestas educativas</subfield>
      <subfield code="a">International Computer Science Series</subfield>
      <subfield code="a">Colección temas</subfield>
      <subfield code="a">Undergraduate texts in mathematics</subfield>
      <subfield code="a">Manuales / Ciencias sociales</subfield>
      <subfield code="v">020</subfield>
    </datafield>
    <datafield tag="490" ind1=" " ind2=" ">
      <subfield code="a">Atopia</subfield>
      <subfield code="a">Educación</subfield>
      <subfield code="a">Critical perspectives</subfield>
      <subfield code="a">Educación</subfield>
      <subfield code="a">Colección Educación hoy</subfield>
      <subfield code="a">Colección respuestas educativas</subfield>
      <subfield code="a">International Computer Science Series</subfield>
      <subfield code="a">Colección temas</subfield>
      <subfield code="a">Undergraduate texts in mathematics</subfield>
      <subfield code="a">Manuales / Ciencias sociales</subfield>
      <subfield code="v">020</subfield>
    </datafield>
    <datafield tag="650" ind1=" " ind2=" ">
      <subfield code="a"> SOCIOLOGIA</subfield>
    </datafield>
    <datafield tag="942" ind1=" " ind2=" ">
      <subfield code="c">BK</subfield>
    </datafield>
    <datafield tag="952" ind1=" " ind2=" ">
      <subfield code="a">BIB_RECT</subfield>
      <subfield code="b">BIB_UACO</subfield>
      <subfield code="d">2001-11-15</subfield>
      <subfield code="y">BK</subfield>
      <subfield code="p">02-07415</subfield>
      <subfield code="i">02-07415</subfield>
      <subfield code="g">70</subfield>
      <subfield code="o">316 G453s3</subfield>
      <subfield code="e">SIUNPA</subfield>
      <subfield code="8">CG</subfield>
    </datafield>
    <datafield tag="952" ind1=" " ind2=" ">
      <subfield code="a">BIB_RECT</subfield>
      <subfield code="b">BIB_UACO</subfield>
      <subfield code="d">2008-02-14</subfield>
      <subfield code="y">BK</subfield>
      <subfield code="p">02-07416</subfield>
      <subfield code="i">02-07416</subfield>
      <subfield code="g">70</subfield>
      <subfield code="o">316 G453s3</subfield>
      <subfield code="e">SIUNPA</subfield>
      <subfield code="8">CG</subfield>
    </datafield>
  </record>