
  <record>
    <leader>01000aam  22002601a 4500</leader>
    <controlfield tag="001">YPZ86814</controlfield>
    <controlfield tag="003">YPZ</controlfield>
    <controlfield tag="005">200708151658500</controlfield>
    <controlfield tag="008">070815|###########||||||b||||||||||spa|d</controlfield>
    <datafield tag="020" ind1=" " ind2=" ">
      <subfield code="a">9580408637</subfield>
    </datafield>
    <datafield tag="040" ind1=" " ind2=" ">
      <subfield code="c">SIUNPA</subfield>
    </datafield>
    <datafield tag="041" ind1=" " ind2=" ">
      <subfield code="a">spa</subfield>
    </datafield>
    <datafield tag="044" ind1=" " ind2=" ">
      <subfield code="a">CO</subfield>
    </datafield>
    <datafield tag="080" ind1=" " ind2=" ">
      <subfield code="a">658.56 I79q</subfield>
    </datafield>
    <datafield tag="100" ind1=" " ind2=" ">
      <subfield code="a">Ishikawa, Kaoru.</subfield>
    </datafield>
    <datafield tag="245" ind1=" " ind2=" ">
      <subfield code="a">¿Qué es el control total de calidad?</subfield>
      <subfield code="b"> : la modalidad japonesa</subfield>
      <subfield code="c"> / Lu, David J., tr. del japonés al inglés ; Cárdenas, Margarita, tr. ; Salazar Marciales, Hugo, rev. técnica</subfield>
    </datafield>
    <datafield tag="250" ind1=" " ind2=" ">
      <subfield code="a">1a ed., 9a reimpr.</subfield>
    </datafield>
    <datafield tag="260" ind1=" " ind2=" ">
      <subfield code="a">Bogotá</subfield>
      <subfield code="b"> : Norma</subfield>
      <subfield code="c"> , 1994</subfield>
    </datafield>
    <datafield tag="650" ind1=" " ind2=" ">
      <subfield code="a"> CONTROL DE CALIDAD</subfield>
    </datafield>
    <datafield tag="650" ind1=" " ind2=" ">
      <subfield code="a"> CALIDAD TOTAL</subfield>
    </datafield>
    <datafield tag="942" ind1=" " ind2=" ">
      <subfield code="c">BK</subfield>
    </datafield>
    <datafield tag="952" ind1=" " ind2=" ">
      <subfield code="a">BIB_RECT</subfield>
      <subfield code="b">BIB_UACO</subfield>
      <subfield code="d">1994-10-26</subfield>
      <subfield code="y">BK</subfield>
      <subfield code="p">02-03056</subfield>
      <subfield code="i">02-03056</subfield>
      <subfield code="g">25</subfield>
      <subfield code="o">658.56 I79q</subfield>
      <subfield code="e">Decanato UACO</subfield>
      <subfield code="8">CG</subfield>
    </datafield>
  </record>