
  <record>
    <leader>01000aam  22002601a 4500</leader>
    <controlfield tag="001">YPZ86821</controlfield>
    <controlfield tag="003">YPZ</controlfield>
    <controlfield tag="005">200708161241180</controlfield>
    <controlfield tag="008">070816|###########||||||b||||||||||spa|d</controlfield>
    <datafield tag="020" ind1=" " ind2=" ">
      <subfield code="a">9507247572</subfield>
    </datafield>
    <datafield tag="040" ind1=" " ind2=" ">
      <subfield code="c">SIUNPA</subfield>
    </datafield>
    <datafield tag="041" ind1=" " ind2=" ">
      <subfield code="a">spa</subfield>
    </datafield>
    <datafield tag="044" ind1=" " ind2=" ">
      <subfield code="a">AR</subfield>
    </datafield>
    <datafield tag="080" ind1=" " ind2=" ">
      <subfield code="a">001.818 S116c2</subfield>
    </datafield>
    <datafield tag="100" ind1=" " ind2=" ">
      <subfield code="a">Sabino, Carlos A..</subfield>
    </datafield>
    <datafield tag="245" ind1=" " ind2=" ">
      <subfield code="a">Cómo hacer una tesis y elaborar todo tipo de escritos</subfield>
      <subfield code="c"> / Valle, Pablo, supervisión de texto</subfield>
    </datafield>
    <datafield tag="250" ind1=" " ind2=" ">
      <subfield code="a">2a ed. ampliada</subfield>
    </datafield>
    <datafield tag="260" ind1=" " ind2=" ">
      <subfield code="a">Buenos Aires</subfield>
      <subfield code="b"> : Lumen/Hvmanitas</subfield>
      <subfield code="c"> , c1998</subfield>
    </datafield>
    <datafield tag="650" ind1=" " ind2=" ">
      <subfield code="a"> ESCRITURA DE CREACION</subfield>
    </datafield>
    <datafield tag="650" ind1=" " ind2=" ">
      <subfield code="a"> REDACCION</subfield>
    </datafield>
    <datafield tag="650" ind1=" " ind2=" ">
      <subfield code="a"> TESIS</subfield>
    </datafield>
    <datafield tag="942" ind1=" " ind2=" ">
      <subfield code="c">BK</subfield>
    </datafield>
    <datafield tag="952" ind1=" " ind2=" ">
      <subfield code="a">BIB_RECT</subfield>
      <subfield code="b">BIB_UACO</subfield>
      <subfield code="d">1998-10-30</subfield>
      <subfield code="y">BK</subfield>
      <subfield code="p">02-05098</subfield>
      <subfield code="i">02-05098</subfield>
      <subfield code="g">32</subfield>
      <subfield code="o">001.818 S116c2</subfield>
      <subfield code="e">FOMEC585/97</subfield>
      <subfield code="8">CG</subfield>
    </datafield>
    <datafield tag="952" ind1=" " ind2=" ">
      <subfield code="a">BIB_RECT</subfield>
      <subfield code="b">BIB_UACO</subfield>
      <subfield code="d">1998-10-30</subfield>
      <subfield code="y">BK</subfield>
      <subfield code="p">02-05099</subfield>
      <subfield code="i">02-05099</subfield>
      <subfield code="g">32</subfield>
      <subfield code="o">001.818 S116c2</subfield>
      <subfield code="e">FOMEC585/97</subfield>
      <subfield code="8">CG</subfield>
    </datafield>
    <datafield tag="952" ind1=" " ind2=" ">
      <subfield code="a">BIB_RECT</subfield>
      <subfield code="b">BIB_UACO</subfield>
      <subfield code="d">2002-08-12</subfield>
      <subfield code="y">BK</subfield>
      <subfield code="p">02-07687</subfield>
      <subfield code="i">02-07687</subfield>
      <subfield code="g">32</subfield>
      <subfield code="o">001.818 S116c2</subfield>
      <subfield code="e">FOMEC585/97</subfield>
      <subfield code="8">CG</subfield>
    </datafield>
    <datafield tag="952" ind1=" " ind2=" ">
      <subfield code="a">BIB_RECT</subfield>
      <subfield code="b">BIB_UACO</subfield>
      <subfield code="d">2002-08-12</subfield>
      <subfield code="y">BK</subfield>
      <subfield code="p">02-07688</subfield>
      <subfield code="i">02-07688</subfield>
      <subfield code="g">32</subfield>
      <subfield code="o">001.818 S116c2</subfield>
      <subfield code="e">FOMEC585/97</subfield>
      <subfield code="8">CG</subfield>
    </datafield>
    <datafield tag="952" ind1=" " ind2=" ">
      <subfield code="a">BIB_RECT</subfield>
      <subfield code="b">BIB_UACO</subfield>
      <subfield code="d">2002-08-12</subfield>
      <subfield code="y">BK</subfield>
      <subfield code="p">02-07689</subfield>
      <subfield code="i">02-07689</subfield>
      <subfield code="g">32</subfield>
      <subfield code="o">001.818 S116c2</subfield>
      <subfield code="e">FOMEC585/97</subfield>
      <subfield code="8">CG</subfield>
    </datafield>
    <datafield tag="952" ind1=" " ind2=" ">
      <subfield code="a">BIB_RECT</subfield>
      <subfield code="b">BIB_UACO</subfield>
      <subfield code="d">2002-08-12</subfield>
      <subfield code="y">BK</subfield>
      <subfield code="p">02-07690</subfield>
      <subfield code="i">02-07690</subfield>
      <subfield code="g">32</subfield>
      <subfield code="o">001.818 S116c2</subfield>
      <subfield code="e">FOMEC585/97</subfield>
      <subfield code="8">CG</subfield>
    </datafield>
    <datafield tag="952" ind1=" " ind2=" ">
      <subfield code="a">BIB_RECT</subfield>
      <subfield code="b">BIB_UACO</subfield>
      <subfield code="d">2002-08-12</subfield>
      <subfield code="y">BK</subfield>
      <subfield code="p">02-07691</subfield>
      <subfield code="i">02-07691</subfield>
      <subfield code="g">32</subfield>
      <subfield code="o">001.818 S116c2</subfield>
      <subfield code="e">FOMEC585/97</subfield>
      <subfield code="8">CG</subfield>
    </datafield>
    <datafield tag="952" ind1=" " ind2=" ">
      <subfield code="a">BIB_RECT</subfield>
      <subfield code="b">BIB_UACO</subfield>
      <subfield code="d">2002-08-12</subfield>
      <subfield code="y">BK</subfield>
      <subfield code="p">02-07774</subfield>
      <subfield code="i">02-07774</subfield>
      <subfield code="g">32</subfield>
      <subfield code="o">001.818 S116c2</subfield>
      <subfield code="e">FOMEC585/97</subfield>
      <subfield code="8">CG</subfield>
    </datafield>
    <datafield tag="952" ind1=" " ind2=" ">
      <subfield code="a">BIB_RECT</subfield>
      <subfield code="b">BIB_UACO</subfield>
      <subfield code="d">2000-11-03</subfield>
      <subfield code="y">BK</subfield>
      <subfield code="p">02-32853</subfield>
      <subfield code="i">02-32853</subfield>
      <subfield code="g">32</subfield>
      <subfield code="o">001.818 S116c2</subfield>
      <subfield code="e">FOMEC585/97</subfield>
      <subfield code="8">CG</subfield>
    </datafield>
    <datafield tag="952" ind1=" " ind2=" ">
      <subfield code="a">BIB_RECT</subfield>
      <subfield code="b">BIB_UASJ</subfield>
      <subfield code="d">2012-05-22</subfield>
      <subfield code="y">BK</subfield>
      <subfield code="p">04-01341</subfield>
      <subfield code="i">04-01341</subfield>
      <subfield code="g">22</subfield>
      <subfield code="o">001.818 S116c2</subfield>
      <subfield code="e">MigracionUASJ</subfield>
      <subfield code="8">CG</subfield>
    </datafield>
  </record>