
  <record>
    <leader>01000aam  22002601a 4500</leader>
    <controlfield tag="001">YPZ86822</controlfield>
    <controlfield tag="003">YPZ</controlfield>
    <controlfield tag="005">200708221045480</controlfield>
    <controlfield tag="008">070822|###########||||||b||||||||||spa|d</controlfield>
    <datafield tag="020" ind1=" " ind2=" ">
      <subfield code="a">8428213534</subfield>
    </datafield>
    <datafield tag="040" ind1=" " ind2=" ">
      <subfield code="c">SIUNPA</subfield>
    </datafield>
    <datafield tag="041" ind1=" " ind2=" ">
      <subfield code="a">spa</subfield>
    </datafield>
    <datafield tag="044" ind1=" " ind2=" ">
      <subfield code="a">ES</subfield>
    </datafield>
    <datafield tag="080" ind1=" " ind2=" ">
      <subfield code="a">581 T776t35</subfield>
    </datafield>
    <datafield tag="100" ind1=" " ind2=" ">
      <subfield code="a">Strasburger, E..</subfield>
    </datafield>
    <datafield tag="700" ind1=" " ind2=" ">
      <subfield code="a">Noll, F..</subfield>
    </datafield>
    <datafield tag="700" ind1=" " ind2=" ">
      <subfield code="a">Schenck, H..</subfield>
    </datafield>
    <datafield tag="700" ind1=" " ind2=" ">
      <subfield code="a">Schimper, A.F.W..</subfield>
    </datafield>
    <datafield tag="245" ind1=" " ind2=" ">
      <subfield code="a">Tratado de botánica</subfield>
      <subfield code="b"> : 35a edición</subfield>
      <subfield code="c"> / Sitte, Peter, 35a ed. actualizada por ; Weiler, Elmar W., 35a ed. actualizada por ; Kadereit, Joachim W., 35a ed. actualizada por ; Bresinsky, Andreas, 35a ed. actualizada por ; Köner, Christian, 35a ed. actualizada por ; Fortes Fortes, María Jesús, tr. ; Frutos, Ariadna, colaboración en tr. ; Hipólito, Eva, colaboración en tr. ; Lloansi, Sara, colaboración en tr. ; Pablos, María Dolores, colaboración en tr.</subfield>
    </datafield>
    <datafield tag="250" ind1=" " ind2=" ">
      <subfield code="a">35a ed. actualizada</subfield>
    </datafield>
    <datafield tag="260" ind1=" " ind2=" ">
      <subfield code="a">Barcelona</subfield>
      <subfield code="b"> : Omega</subfield>
      <subfield code="c"> , 2004</subfield>
    </datafield>
    <datafield tag="650" ind1=" " ind2=" ">
      <subfield code="a"> BOTANICA</subfield>
    </datafield>
    <datafield tag="942" ind1=" " ind2=" ">
      <subfield code="c">BK</subfield>
    </datafield>
    <datafield tag="952" ind1=" " ind2=" ">
      <subfield code="a">BIB_RECT</subfield>
      <subfield code="b">BIB_UART</subfield>
      <subfield code="d">2007-08-24</subfield>
      <subfield code="y">BK</subfield>
      <subfield code="p">03-33033</subfield>
      <subfield code="i">03-33033</subfield>
      <subfield code="g">483</subfield>
      <subfield code="o">581 T776t35</subfield>
      <subfield code="e">SIUNPA</subfield>
      <subfield code="8">CG</subfield>
    </datafield>
    <datafield tag="952" ind1=" " ind2=" ">
      <subfield code="a">BIB_RECT</subfield>
      <subfield code="b">BIB_UARG</subfield>
      <subfield code="d">2007-08-17</subfield>
      <subfield code="y">BK</subfield>
      <subfield code="p">05-32856</subfield>
      <subfield code="i">05-32856</subfield>
      <subfield code="g">483</subfield>
      <subfield code="o">581 T776t35</subfield>
      <subfield code="e">SIUNPA</subfield>
      <subfield code="8">CG</subfield>
    </datafield>
    <datafield tag="952" ind1=" " ind2=" ">
      <subfield code="a">BIB_RECT</subfield>
      <subfield code="b">BIB_UARG</subfield>
      <subfield code="d">2007-08-17</subfield>
      <subfield code="y">BK</subfield>
      <subfield code="p">05-32857</subfield>
      <subfield code="i">05-32857</subfield>
      <subfield code="g">483</subfield>
      <subfield code="o">581 T776t35</subfield>
      <subfield code="e">SIUNPA</subfield>
      <subfield code="8">CG</subfield>
    </datafield>
  </record>