
  <record>
    <leader>01000aam  22002601a 4500</leader>
    <controlfield tag="001">YPZ86823</controlfield>
    <controlfield tag="003">YPZ</controlfield>
    <controlfield tag="005">200708221216470</controlfield>
    <controlfield tag="008">070822|###########||||||b||||||||||spa|d</controlfield>
    <datafield tag="020" ind1=" " ind2=" ">
      <subfield code="a">9871113188</subfield>
    </datafield>
    <datafield tag="040" ind1=" " ind2=" ">
      <subfield code="c">SIUNPA</subfield>
    </datafield>
    <datafield tag="041" ind1=" " ind2=" ">
      <subfield code="a">spa</subfield>
    </datafield>
    <datafield tag="044" ind1=" " ind2=" ">
      <subfield code="a">AR</subfield>
    </datafield>
    <datafield tag="080" ind1=" " ind2=" ">
      <subfield code="a">51-7 M827m2</subfield>
    </datafield>
    <datafield tag="100" ind1=" " ind2=" ">
      <subfield code="a">Mora Zambrano, Armando.</subfield>
    </datafield>
    <datafield tag="700" ind1=" " ind2=" ">
      <subfield code="a">Herrera Aráuz, Daniel, del CD.</subfield>
    </datafield>
    <datafield tag="245" ind1=" " ind2=" ">
      <subfield code="a">Matemáticas financieras</subfield>
    </datafield>
    <datafield tag="250" ind1=" " ind2=" ">
      <subfield code="a">2a ed.</subfield>
    </datafield>
    <datafield tag="260" ind1=" " ind2=" ">
      <subfield code="a">Buenos Aires</subfield>
      <subfield code="b"> : Grupo Guía</subfield>
      <subfield code="c"> , 2004</subfield>
    </datafield>
    <datafield tag="300" ind1=" " ind2=" ">
      <subfield code="a">48 p. : </subfield>
      <subfield code="b">il. ; </subfield>
      <subfield code="a">191 p. : </subfield>
      <subfield code="b">il. ; </subfield>
      <subfield code="a">400 p. : </subfield>
      <subfield code="b">il. ; </subfield>
      <subfield code="a">167 p. : </subfield>
      <subfield code="a">267 p. : </subfield>
      <subfield code="b">il. ; </subfield>
      <subfield code="a">321 p. : </subfield>
      <subfield code="b">il. ; </subfield>
      <subfield code="a">277 p. : </subfield>
      <subfield code="b">il. ; </subfield>
      <subfield code="a">133 p. : </subfield>
      <subfield code="a">175 p. : </subfield>
      <subfield code="a">228 p. : </subfield>
      <subfield code="a">466 p. : </subfield>
      <subfield code="b">il. ; </subfield>
      <subfield code="a">259 p. : </subfield>
      <subfield code="a">236 p. : </subfield>
      <subfield code="b">il. ; </subfield>
      <subfield code="a">341 p. : </subfield>
      <subfield code="b">il. ; </subfield>
      <subfield code="a">214 p. : </subfield>
      <subfield code="a">215 p. : </subfield>
      <subfield code="b">il ; </subfield>
      <subfield code="a">320 p. : </subfield>
      <subfield code="b">il. ; </subfield>
      <subfield code="a">277 p. : </subfield>
      <subfield code="b">il. ; </subfield>
      <subfield code="a">174 p. : </subfield>
      <subfield code="b">il. ; </subfield>
      <subfield code="a">181 p. : </subfield>
      <subfield code="b">il. ; </subfield>
      <subfield code="a">229 p. : </subfield>
      <subfield code="b">il. ; </subfield>
      <subfield code="a">247 p. : </subfield>
      <subfield code="b">il. ; </subfield>
      <subfield code="a">100 p. : </subfield>
      <subfield code="b">il. ; </subfield>
      <subfield code="a">411 p. : </subfield>
      <subfield code="b">il. ; </subfield>
      <subfield code="a">76 p. : </subfield>
      <subfield code="a">166 p. : </subfield>
      <subfield code="b">il. ; </subfield>
      <subfield code="a">114 p. : </subfield>
      <subfield code="b">il. ; </subfield>
      <subfield code="a">319 p. : </subfield>
      <subfield code="a">485 p. : </subfield>
      <subfield code="a">77 p. : </subfield>
      <subfield code="b">il. ; </subfield>
      <subfield code="a">122 p. : </subfield>
      <subfield code="a">71 p. : </subfield>
      <subfield code="b">il. ; </subfield>
      <subfield code="a">viii, 114 p. : </subfield>
      <subfield code="b">il. ; </subfield>
      <subfield code="a">229 p. : </subfield>
      <subfield code="b">il. ; </subfield>
      <subfield code="a">77 p. : </subfield>
      <subfield code="b">il. ; </subfield>
      <subfield code="a">332 p. : </subfield>
      <subfield code="a">208 p. : </subfield>
      <subfield code="b">il. ; </subfield>
      <subfield code="a">401 p. : </subfield>
      <subfield code="a">158 p. : </subfield>
      <subfield code="a">390 p. : </subfield>
      <subfield code="b">il. ; </subfield>
      <subfield code="a">390 p. : </subfield>
      <subfield code="b">il. ; </subfield>
      <subfield code="a">288 p. : </subfield>
      <subfield code="a">271 p. : </subfield>
      <subfield code="b">il. ; </subfield>
      <subfield code="a">172 p. : </subfield>
      <subfield code="b">il. ; </subfield>
      <subfield code="a">240 p. : </subfield>
      <subfield code="b">il. ; </subfield>
      <subfield code="a">158 p. : </subfield>
      <subfield code="a">123 p. : </subfield>
      <subfield code="b">il. ; </subfield>
      <subfield code="a">108 p. : </subfield>
      <subfield code="b">il. ; </subfield>
      <subfield code="a">202 p. : </subfield>
      <subfield code="b">il. ; </subfield>
      <subfield code="a">216 p. : </subfield>
      <subfield code="a">515 p. : </subfield>
      <subfield code="b">il. ; </subfield>
      <subfield code="a">197 p. : </subfield>
      <subfield code="a">331 p. : </subfield>
      <subfield code="a">215 p. : </subfield>
      <subfield code="a">127 p. : </subfield>
      <subfield code="a">149 p. : </subfield>
      <subfield code="a">xiv, 404 p. : </subfield>
      <subfield code="a">474 p. : </subfield>
      <subfield code="a">142 p. : </subfield>
      <subfield code="a">213 p. : </subfield>
      <subfield code="a">93 p. : </subfield>
      <subfield code="a">131 p. : </subfield>
      <subfield code="a">229 p. : </subfield>
      <subfield code="b">il. ; </subfield>
      <subfield code="a">234 p. : </subfield>
      <subfield code="b">il. ; </subfield>
      <subfield code="a">187 p. : </subfield>
      <subfield code="a">580 p. : </subfield>
      <subfield code="a">184 p. : </subfield>
      <subfield code="a">303 p. : </subfield>
      <subfield code="a">344 p. : </subfield>
      <subfield code="b">il. ; </subfield>
      <subfield code="a">217 p. : </subfield>
      <subfield code="a">206 p. : </subfield>
      <subfield code="a">124 p. : </subfield>
      <subfield code="a">158 p. : </subfield>
      <subfield code="a">143 p. : </subfield>
      <subfield code="a">127 p. : </subfield>
      <subfield code="a">220 p. : </subfield>
      <subfield code="b">il. ; </subfield>
      <subfield code="a">349 p. : </subfield>
      <subfield code="a">360 p. : </subfield>
      <subfield code="a">xviii, 271 p. : </subfield>
      <subfield code="a">109 p. : </subfield>
      <subfield code="a">252 p. : </subfield>
      <subfield code="a">149 p. : </subfield>
      <subfield code="a">255 p. : </subfield>
      <subfield code="a">x, 198 p. : </subfield>
      <subfield code="a">173 p. : </subfield>
      <subfield code="a">286 p. : </subfield>
      <subfield code="a">467 p. : </subfield>
      <subfield code="b">il. ; </subfield>
      <subfield code="a">xii, 514 p. : </subfield>
      <subfield code="b">il. ; </subfield>
      <subfield code="a">261 p. : </subfield>
      <subfield code="a">v, 307 p. : </subfield>
      <subfield code="a">216 p. : </subfield>
      <subfield code="a">xiii, 241 p. : </subfield>
      <subfield code="a">243 p. : </subfield>
      <subfield code="a">viii, 245 p. : </subfield>
      <subfield code="a">xx, 294 p. : </subfield>
      <subfield code="a">524 p. : </subfield>
      <subfield code="b">il. ; </subfield>
      <subfield code="a">245 p. : </subfield>
      <subfield code="a">205 p. : </subfield>
      <subfield code="a">200 p. : </subfield>
      <subfield code="b">gráficos ; </subfield>
      <subfield code="a">xix, 546 p. : </subfield>
      <subfield code="b">il. ; </subfield>
      <subfield code="a">923 p. : </subfield>
      <subfield code="b">il. ; </subfield>
      <subfield code="a">xiv, 927 p. : </subfield>
      <subfield code="b">il. ; </subfield>
      <subfield code="a">ix, 391 p. : </subfield>
      <subfield code="b">il. ; </subfield>
      <subfield code="a">vii, 499 p. : </subfield>
      <subfield code="b">il. ; </subfield>
      <subfield code="a">230 p. : </subfield>
      <subfield code="b">il. ; </subfield>
      <subfield code="a">408 p. : </subfield>
      <subfield code="b">il. ; </subfield>
      <subfield code="a">[25], 475 p. : </subfield>
      <subfield code="b">il. ; </subfield>
      <subfield code="a">viii, 199 p. : </subfield>
      <subfield code="a">819 p. : </subfield>
      <subfield code="b">il. ; </subfield>
      <subfield code="a">353 p. : </subfield>
      <subfield code="b">il. ; </subfield>
      <subfield code="a">xix, 209 p. : </subfield>
      <subfield code="b">il. ; </subfield>
      <subfield code="a">406 p. : </subfield>
      <subfield code="b">il. ; </subfield>
      <subfield code="a">213 p. : </subfield>
      <subfield code="a">xii, 536 p. : </subfield>
      <subfield code="a">xxxi, 747 p. : </subfield>
      <subfield code="b">il. ; </subfield>
      <subfield code="a">235 p. : </subfield>
      <subfield code="b">gráf. ; </subfield>
      <subfield code="a">xvii, 1134 p. : </subfield>
      <subfield code="b">il. ; </subfield>
      <subfield code="a">xii, 259 p. : </subfield>
      <subfield code="b">il. ; </subfield>
      <subfield code="e">1 CD-ROM en bolsillo</subfield>
    </datafield>
    <datafield tag="500" ind1=" " ind2=" ">
      <subfield code="a">Contenido del CD-ROM: herramienta informática de Matemáticas financieras</subfield>
    </datafield>
    <datafield tag="650" ind1=" " ind2=" ">
      <subfield code="a"> MATEMATICAS FINANCIERAS</subfield>
    </datafield>
    <datafield tag="942" ind1=" " ind2=" ">
      <subfield code="c">BK</subfield>
    </datafield>
    <datafield tag="952" ind1=" " ind2=" ">
      <subfield code="a">BIB_RECT</subfield>
      <subfield code="b">BIB_UARG</subfield>
      <subfield code="d">2007-08-17</subfield>
      <subfield code="y">BK</subfield>
      <subfield code="p">05-32868</subfield>
      <subfield code="i">05-32868</subfield>
      <subfield code="g">34</subfield>
      <subfield code="o">51-7 M827m2</subfield>
      <subfield code="e">SIUNPA</subfield>
      <subfield code="8">CG</subfield>
    </datafield>
    <datafield tag="952" ind1=" " ind2=" ">
      <subfield code="a">BIB_RECT</subfield>
      <subfield code="b">BIB_UARG</subfield>
      <subfield code="d">2007-08-17</subfield>
      <subfield code="y">BK</subfield>
      <subfield code="p">05-32869</subfield>
      <subfield code="i">05-32869</subfield>
      <subfield code="g">34</subfield>
      <subfield code="o">51-7 M827m2</subfield>
      <subfield code="e">SIUNPA</subfield>
      <subfield code="8">CG</subfield>
    </datafield>
    <datafield tag="952" ind1=" " ind2=" ">
      <subfield code="a">BIB_RECT</subfield>
      <subfield code="b">BIB_UARG</subfield>
      <subfield code="d">2007-08-17</subfield>
      <subfield code="y">BK</subfield>
      <subfield code="p">05-32870</subfield>
      <subfield code="i">05-32870</subfield>
      <subfield code="g">34</subfield>
      <subfield code="o">51-7 M827m2</subfield>
      <subfield code="e">SIUNPA</subfield>
      <subfield code="8">CG</subfield>
    </datafield>
  </record>