
  <record>
    <leader>01000aam  22002601a 4500</leader>
    <controlfield tag="001">YPZ86842</controlfield>
    <controlfield tag="003">YPZ</controlfield>
    <controlfield tag="005">200708231729430</controlfield>
    <controlfield tag="008">070823|###########||||||b||||||||||spa|d</controlfield>
    <datafield tag="020" ind1=" " ind2=" ">
      <subfield code="a">9501254577</subfield>
    </datafield>
    <datafield tag="020" ind1=" " ind2=" ">
      <subfield code="a">9789501254570</subfield>
    </datafield>
    <datafield tag="040" ind1=" " ind2=" ">
      <subfield code="c">SIUNPA</subfield>
    </datafield>
    <datafield tag="041" ind1=" " ind2=" ">
      <subfield code="a">spa</subfield>
    </datafield>
    <datafield tag="044" ind1=" " ind2=" ">
      <subfield code="a">AR</subfield>
    </datafield>
    <datafield tag="080" ind1=" " ind2=" ">
      <subfield code="a">316.334.22 C348m</subfield>
    </datafield>
    <datafield tag="100" ind1=" " ind2=" ">
      <subfield code="a">Castel, Robert.</subfield>
    </datafield>
    <datafield tag="245" ind1=" " ind2=" ">
      <subfield code="a">Las metamorfosis de la cuestión social</subfield>
      <subfield code="b"> : una crónica del salariado</subfield>
      <subfield code="c"> / Piatigorsky, Jorge, tr.</subfield>
    </datafield>
    <datafield tag="260" ind1=" " ind2=" ">
      <subfield code="a">Buenos Aires</subfield>
      <subfield code="b"> : Paidós</subfield>
      <subfield code="c"> , c1997</subfield>
    </datafield>
    <datafield tag="440" ind1=" " ind2=" ">
      <subfield code="a">Colección mínima</subfield>
      <subfield code="a">Paidós estado y sociedad</subfield>
      <subfield code="v">57</subfield>
    </datafield>
    <datafield tag="490" ind1=" " ind2=" ">
      <subfield code="a">Colección mínima</subfield>
      <subfield code="a">Paidós estado y sociedad</subfield>
      <subfield code="v">57</subfield>
    </datafield>
    <datafield tag="500" ind1=" " ind2=" ">
      <subfield code="a">El año de reimpresión varía según el ejemplar</subfield>
    </datafield>
    <datafield tag="650" ind1=" " ind2=" ">
      <subfield code="a"> SOCIOLOGIA OCUPACIONAL</subfield>
    </datafield>
    <datafield tag="650" ind1=" " ind2=" ">
      <subfield code="a"> POLITICA DE EMPLEO</subfield>
    </datafield>
    <datafield tag="650" ind1=" " ind2=" ">
      <subfield code="a"> SALARIOS</subfield>
    </datafield>
    <datafield tag="650" ind1=" " ind2=" ">
      <subfield code="a"> TRABAJO </subfield>
    </datafield>
    <datafield tag="650" ind1=" " ind2=" ">
      <subfield code="a"> EMPLEO</subfield>
    </datafield>
    <datafield tag="650" ind1=" " ind2=" ">
      <subfield code="a"> MERCADO DE TRABAJO </subfield>
    </datafield>
    <datafield tag="650" ind1=" " ind2=" ">
      <subfield code="a"> SINDICATO</subfield>
    </datafield>
    <datafield tag="942" ind1=" " ind2=" ">
      <subfield code="c">BK</subfield>
    </datafield>
    <datafield tag="952" ind1=" " ind2=" ">
      <subfield code="a">BIB_RECT</subfield>
      <subfield code="b">BIB_UACO</subfield>
      <subfield code="d">2010-02-24</subfield>
      <subfield code="y">BK</subfield>
      <subfield code="p">02-38634</subfield>
      <subfield code="i">02-38634</subfield>
      <subfield code="g">81.1</subfield>
      <subfield code="o">316.334.22 C348m</subfield>
      <subfield code="e">SIUNPA</subfield>
      <subfield code="8">CG</subfield>
    </datafield>
    <datafield tag="952" ind1=" " ind2=" ">
      <subfield code="a">BIB_RECT</subfield>
      <subfield code="b">BIB_UACO</subfield>
      <subfield code="d">2010-02-24</subfield>
      <subfield code="y">BK</subfield>
      <subfield code="p">02-38635</subfield>
      <subfield code="i">02-38635</subfield>
      <subfield code="g">81.1</subfield>
      <subfield code="o">316.334.22 C348m</subfield>
      <subfield code="e">SIUNPA</subfield>
      <subfield code="8">CG</subfield>
    </datafield>
    <datafield tag="952" ind1=" " ind2=" ">
      <subfield code="a">BIB_RECT</subfield>
      <subfield code="b">BIB_UACO</subfield>
      <subfield code="d">2010-09-01</subfield>
      <subfield code="y">BK</subfield>
      <subfield code="p">02-39758</subfield>
      <subfield code="i">02-39758</subfield>
      <subfield code="g">86</subfield>
      <subfield code="o">316.334.22 C348m</subfield>
      <subfield code="e">Compra SIUNPA OC 066/10</subfield>
      <subfield code="8">CG</subfield>
    </datafield>
    <datafield tag="952" ind1=" " ind2=" ">
      <subfield code="a">BIB_RECT</subfield>
      <subfield code="b">BIB_UACO</subfield>
      <subfield code="d">2010-09-01</subfield>
      <subfield code="y">BK</subfield>
      <subfield code="p">02-39759</subfield>
      <subfield code="i">02-39759</subfield>
      <subfield code="g">86</subfield>
      <subfield code="o">316.334.22 C348m</subfield>
      <subfield code="e">Compra SIUNPA OC 066/10</subfield>
      <subfield code="8">CG</subfield>
    </datafield>
    <datafield tag="952" ind1=" " ind2=" ">
      <subfield code="a">BIB_RECT</subfield>
      <subfield code="b">BIB_UART</subfield>
      <subfield code="d">2006-11-20</subfield>
      <subfield code="y">BK</subfield>
      <subfield code="p">03-01784</subfield>
      <subfield code="i">03-01784</subfield>
      <subfield code="g">34</subfield>
      <subfield code="o">316.334.22 C348m</subfield>
      <subfield code="e">FOMEC O/C 040/99|Migración UART</subfield>
      <subfield code="8">CG</subfield>
    </datafield>
    <datafield tag="952" ind1=" " ind2=" ">
      <subfield code="a">BIB_RECT</subfield>
      <subfield code="b">BIB_UARG</subfield>
      <subfield code="d">2007-08-17</subfield>
      <subfield code="y">BK</subfield>
      <subfield code="p">05-32890</subfield>
      <subfield code="i">05-32890</subfield>
      <subfield code="g">52</subfield>
      <subfield code="o">316.334.22 C348m</subfield>
      <subfield code="e">SIUNPA</subfield>
      <subfield code="8">CG</subfield>
    </datafield>
    <datafield tag="952" ind1=" " ind2=" ">
      <subfield code="a">BIB_RECT</subfield>
      <subfield code="b">BIB_UARG</subfield>
      <subfield code="d">2007-08-17</subfield>
      <subfield code="y">BK</subfield>
      <subfield code="p">05-32891</subfield>
      <subfield code="i">05-32891</subfield>
      <subfield code="g">52</subfield>
      <subfield code="o">316.334.22 C348m</subfield>
      <subfield code="e">SIUNPA</subfield>
      <subfield code="8">CG</subfield>
    </datafield>
  </record>