
  <record>
    <leader>01000aam  22002601a 4500</leader>
    <controlfield tag="001">YPZ86865</controlfield>
    <controlfield tag="003">YPZ</controlfield>
    <controlfield tag="005">200708271442330</controlfield>
    <controlfield tag="008">070827|###########||||||b||||||||||spa|d</controlfield>
    <datafield tag="020" ind1=" " ind2=" ">
      <subfield code="a">8420006343</subfield>
    </datafield>
    <datafield tag="040" ind1=" " ind2=" ">
      <subfield code="c">SIUNPA</subfield>
    </datafield>
    <datafield tag="041" ind1=" " ind2=" ">
      <subfield code="a">spa</subfield>
    </datafield>
    <datafield tag="044" ind1=" " ind2=" ">
      <subfield code="a">ES</subfield>
    </datafield>
    <datafield tag="080" ind1=" " ind2=" ">
      <subfield code="a">636.2.084 A946a</subfield>
    </datafield>
    <datafield tag="245" ind1=" " ind2=" ">
      <subfield code="a">Avances en nutrición de los rumiantes</subfield>
      <subfield code="c"> / Haresign, W., dir. ; Cole, D. J. A., dir. ; Sanz Arias, Rafael, tr. ; Peláez Suárez, Rodrigo, tr. ; González Alvarez, Jesús S., tr. ; Guada Vallepuga, José Antonio., tr. ; Castrillo González, Carlos, tr,</subfield>
    </datafield>
    <datafield tag="260" ind1=" " ind2=" ">
      <subfield code="a">Zaragoza</subfield>
      <subfield code="b"> : Acribia</subfield>
      <subfield code="c"> , 1988</subfield>
    </datafield>
    <datafield tag="650" ind1=" " ind2=" ">
      <subfield code="a"> RUMIANTE</subfield>
    </datafield>
    <datafield tag="650" ind1=" " ind2=" ">
      <subfield code="a"> ALIMENTACION DE LOS ANIMALES</subfield>
    </datafield>
    <datafield tag="650" ind1=" " ind2=" ">
      <subfield code="a"> NUTRICION ANIMAL</subfield>
    </datafield>
    <datafield tag="650" ind1=" " ind2=" ">
      <subfield code="a"> GANADO BOVINO</subfield>
    </datafield>
    <datafield tag="942" ind1=" " ind2=" ">
      <subfield code="c">BK</subfield>
    </datafield>
    <datafield tag="952" ind1=" " ind2=" ">
      <subfield code="a">BIB_RECT</subfield>
      <subfield code="b">BIB_UART</subfield>
      <subfield code="d">2007-08-23</subfield>
      <subfield code="y">BK</subfield>
      <subfield code="p">03-32961</subfield>
      <subfield code="i">03-32961</subfield>
      <subfield code="g">157</subfield>
      <subfield code="o">636.2.084 A946a</subfield>
      <subfield code="e">SIUNPA</subfield>
      <subfield code="8">CG</subfield>
    </datafield>
    <datafield tag="952" ind1=" " ind2=" ">
      <subfield code="a">BIB_RECT</subfield>
      <subfield code="b">BIB_UART</subfield>
      <subfield code="d">2007-10-23</subfield>
      <subfield code="y">BK</subfield>
      <subfield code="p">03-33630</subfield>
      <subfield code="i">03-33630</subfield>
      <subfield code="g">151</subfield>
      <subfield code="o">636.2.084 A946a</subfield>
      <subfield code="e">SIUNPA</subfield>
      <subfield code="8">CG</subfield>
    </datafield>
    <datafield tag="952" ind1=" " ind2=" ">
      <subfield code="a">BIB_RECT</subfield>
      <subfield code="b">BIB_UART</subfield>
      <subfield code="d">2007-10-23</subfield>
      <subfield code="y">BK</subfield>
      <subfield code="p">03-33631</subfield>
      <subfield code="i">03-33631</subfield>
      <subfield code="g">151</subfield>
      <subfield code="o">636.2.084 A946a</subfield>
      <subfield code="e">SIUNPA</subfield>
      <subfield code="8">CG</subfield>
    </datafield>
  </record>