
  <record>
    <leader>01000aam  22002601a 4500</leader>
    <controlfield tag="001">YPZ86884</controlfield>
    <controlfield tag="003">YPZ</controlfield>
    <controlfield tag="005">200708291046010</controlfield>
    <controlfield tag="008">070829|###########||||||b||||||||||spa|d</controlfield>
    <datafield tag="020" ind1=" " ind2=" ">
      <subfield code="a">8479786752</subfield>
    </datafield>
    <datafield tag="020" ind1=" " ind2=" ">
      <subfield code="a">8479789790 (CDROM)</subfield>
    </datafield>
    <datafield tag="040" ind1=" " ind2=" ">
      <subfield code="c">SIUNPA</subfield>
    </datafield>
    <datafield tag="041" ind1=" " ind2=" ">
      <subfield code="a">spa</subfield>
    </datafield>
    <datafield tag="044" ind1=" " ind2=" ">
      <subfield code="a">ES</subfield>
    </datafield>
    <datafield tag="080" ind1=" " ind2=" ">
      <subfield code="a">69 M294m</subfield>
    </datafield>
    <datafield tag="245" ind1=" " ind2=" ">
      <subfield code="a">Manual de coordinación de seguridad y salud en las obras de construcción</subfield>
      <subfield code="b"> : según el contenido para la formación del coordinador incluido en la Guía Técnica del Real Decreto 1627/1977</subfield>
      <subfield code="c"> / Rubio Romero, Juan Carlos, dir. y coordinación ; Rubio Gámez, María Carmen, dir. y coordinación</subfield>
    </datafield>
    <datafield tag="260" ind1=" " ind2=" ">
      <subfield code="a">Madrid</subfield>
      <subfield code="b"> : Díaz de Santos</subfield>
      <subfield code="c"> , 2005</subfield>
    </datafield>
    <datafield tag="300" ind1=" " ind2=" ">
      <subfield code="a">330 p. : </subfield>
      <subfield code="a">348 p. : </subfield>
      <subfield code="a">xv, 292 p. : </subfield>
      <subfield code="b">il. ; </subfield>
      <subfield code="a">xii, 1148 p. : </subfield>
      <subfield code="b">il. ; </subfield>
      <subfield code="a">91 p. : </subfield>
      <subfield code="b">il. ; </subfield>
      <subfield code="a">251 p. : </subfield>
      <subfield code="a">89 p. : </subfield>
      <subfield code="b">il. ; </subfield>
      <subfield code="a">200 p. : </subfield>
      <subfield code="a">ix, 409 p. : </subfield>
      <subfield code="a">ix, 409 p. : </subfield>
      <subfield code="a">xvi, 392 p. : </subfield>
      <subfield code="b">il. ; </subfield>
      <subfield code="a">207 p. : </subfield>
      <subfield code="b">il. ; </subfield>
      <subfield code="a">xi, 115 p. : </subfield>
      <subfield code="b">il. ; </subfield>
      <subfield code="a">355 p. : </subfield>
      <subfield code="a">xvii, 291 p. : </subfield>
      <subfield code="b">il. ; </subfield>
      <subfield code="a">270 p. : </subfield>
      <subfield code="b">il. ; </subfield>
      <subfield code="a">viii, 183 p. : </subfield>
      <subfield code="b">il. ; </subfield>
      <subfield code="a">178 p. : </subfield>
      <subfield code="b">il. ; </subfield>
      <subfield code="a">608 p. : </subfield>
      <subfield code="b">il. ; </subfield>
      <subfield code="a">ix, 407 p. : </subfield>
      <subfield code="b">il. ; </subfield>
      <subfield code="a">xi, 159 p. : </subfield>
      <subfield code="b">il. ; </subfield>
      <subfield code="a">xi, 464 p. : </subfield>
      <subfield code="b">il. ; </subfield>
      <subfield code="a">282 p. : </subfield>
      <subfield code="b">il. ; </subfield>
      <subfield code="a">xv, 79 p. : </subfield>
      <subfield code="b">il. ; </subfield>
      <subfield code="a">ix, 150 p. : </subfield>
      <subfield code="b">il. ; </subfield>
      <subfield code="a">x, 154 p. : </subfield>
      <subfield code="b">il. ; </subfield>
      <subfield code="a">viii, 151 p. : </subfield>
      <subfield code="b">il. ; </subfield>
      <subfield code="a">430 p. : </subfield>
      <subfield code="b">il. ; </subfield>
      <subfield code="a">517 p. : </subfield>
      <subfield code="a">253 p. : </subfield>
      <subfield code="b">il. ; </subfield>
      <subfield code="a">250 p. : </subfield>
      <subfield code="b">il. ; </subfield>
      <subfield code="a">xiii, 419 p. : </subfield>
      <subfield code="b">il. ; </subfield>
      <subfield code="a">vii, 78 p. : </subfield>
      <subfield code="b">il. ; </subfield>
      <subfield code="a">xxi, 373 p. : </subfield>
      <subfield code="b">il. ; </subfield>
      <subfield code="a">xxii, 746 p. : </subfield>
      <subfield code="b">il. ; </subfield>
      <subfield code="a">445 p. : </subfield>
      <subfield code="b">il. ; </subfield>
      <subfield code="a">lxxii, [1715] p. en varias paginaciones : </subfield>
      <subfield code="b">il. ; </subfield>
      <subfield code="a">xx, 929 p. : </subfield>
      <subfield code="b">il. ; </subfield>
      <subfield code="e">1 CD-ROM en bolsillo</subfield>
    </datafield>
    <datafield tag="505" ind1=" " ind2=" ">
      <subfield code="a">Contenido del CD-ROM: Legislación</subfield>
    </datafield>
    <datafield tag="650" ind1=" " ind2=" ">
      <subfield code="a"> INDUSTRIA DE LA CONSTRUCCION</subfield>
    </datafield>
    <datafield tag="650" ind1=" " ind2=" ">
      <subfield code="a"> PREVENCION DE ACCIDENTE</subfield>
    </datafield>
    <datafield tag="650" ind1=" " ind2=" ">
      <subfield code="a"> MEDIDA DE SEGURIDAD</subfield>
    </datafield>
    <datafield tag="650" ind1=" " ind2=" ">
      <subfield code="a"> SEGURIDAD DEL TRABAJO</subfield>
    </datafield>
    <datafield tag="650" ind1=" " ind2=" ">
      <subfield code="a"> LEGISLACION</subfield>
    </datafield>
    <datafield tag="942" ind1=" " ind2=" ">
      <subfield code="c">BK</subfield>
    </datafield>
    <datafield tag="952" ind1=" " ind2=" ">
      <subfield code="a">BIB_RECT</subfield>
      <subfield code="b">BIB_UACO</subfield>
      <subfield code="d">2008-03-31</subfield>
      <subfield code="y">BK</subfield>
      <subfield code="p">02-34881</subfield>
      <subfield code="i">02-34881</subfield>
      <subfield code="g">315</subfield>
      <subfield code="o">69 M294m</subfield>
      <subfield code="e">Compra Contrato Programa</subfield>
      <subfield code="8">CG</subfield>
    </datafield>
    <datafield tag="952" ind1=" " ind2=" ">
      <subfield code="a">BIB_RECT</subfield>
      <subfield code="b">BIB_UACO</subfield>
      <subfield code="d">2008-04-03</subfield>
      <subfield code="y">BK</subfield>
      <subfield code="p">02-34909</subfield>
      <subfield code="i">02-34909</subfield>
      <subfield code="g">315</subfield>
      <subfield code="o">69 M294m</subfield>
      <subfield code="e">Compra Contrato Programa</subfield>
      <subfield code="8">CG</subfield>
    </datafield>
    <datafield tag="952" ind1=" " ind2=" ">
      <subfield code="a">BIB_RECT</subfield>
      <subfield code="b">BIB_UACO</subfield>
      <subfield code="d">2008-04-03</subfield>
      <subfield code="y">BK</subfield>
      <subfield code="p">02-34910</subfield>
      <subfield code="i">02-34910</subfield>
      <subfield code="g">315</subfield>
      <subfield code="o">69 M294m</subfield>
      <subfield code="e">Compra Contrato Programa</subfield>
      <subfield code="8">CG</subfield>
    </datafield>
    <datafield tag="952" ind1=" " ind2=" ">
      <subfield code="a">BIB_RECT</subfield>
      <subfield code="b">BIB_UART</subfield>
      <subfield code="d">2007-08-23</subfield>
      <subfield code="y">BK</subfield>
      <subfield code="p">03-32984</subfield>
      <subfield code="i">03-32984</subfield>
      <subfield code="g">196</subfield>
      <subfield code="o">69 M294m</subfield>
      <subfield code="e">SIUNPA</subfield>
      <subfield code="8">CG</subfield>
    </datafield>
    <datafield tag="952" ind1=" " ind2=" ">
      <subfield code="a">BIB_RECT</subfield>
      <subfield code="b">BIB_UART</subfield>
      <subfield code="d">2007-08-23</subfield>
      <subfield code="y">BK</subfield>
      <subfield code="p">03-32985</subfield>
      <subfield code="i">03-32985</subfield>
      <subfield code="g">196</subfield>
      <subfield code="o">69 M294m</subfield>
      <subfield code="e">SIUNPA</subfield>
      <subfield code="8">CG</subfield>
    </datafield>
    <datafield tag="952" ind1=" " ind2=" ">
      <subfield code="a">BIB_RECT</subfield>
      <subfield code="b">BIB_UART</subfield>
      <subfield code="d">2007-08-23</subfield>
      <subfield code="y">BK</subfield>
      <subfield code="p">03-32986</subfield>
      <subfield code="i">03-32986</subfield>
      <subfield code="g">196</subfield>
      <subfield code="o">69 M294m</subfield>
      <subfield code="e">SIUNPA</subfield>
      <subfield code="8">CG</subfield>
    </datafield>
    <datafield tag="952" ind1=" " ind2=" ">
      <subfield code="a">BIB_RECT</subfield>
      <subfield code="b">BIB_UART</subfield>
      <subfield code="d">2008-03-28</subfield>
      <subfield code="y">BK</subfield>
      <subfield code="p">03-34872</subfield>
      <subfield code="i">03-34872</subfield>
      <subfield code="g">315</subfield>
      <subfield code="o">69 M294m</subfield>
      <subfield code="e">Compra Contrato Programa</subfield>
      <subfield code="8">CG</subfield>
    </datafield>
    <datafield tag="952" ind1=" " ind2=" ">
      <subfield code="a">BIB_RECT</subfield>
      <subfield code="b">BIB_UART</subfield>
      <subfield code="d">2008-03-28</subfield>
      <subfield code="y">BK</subfield>
      <subfield code="p">03-34873</subfield>
      <subfield code="i">03-34873</subfield>
      <subfield code="g">315</subfield>
      <subfield code="o">69 M294m</subfield>
      <subfield code="e">Compra Contrato Programa</subfield>
      <subfield code="8">CG</subfield>
    </datafield>
    <datafield tag="952" ind1=" " ind2=" ">
      <subfield code="a">BIB_RECT</subfield>
      <subfield code="b">BIB_UART</subfield>
      <subfield code="d">2008-04-22</subfield>
      <subfield code="y">BK</subfield>
      <subfield code="p">03-35307</subfield>
      <subfield code="i">03-35307</subfield>
      <subfield code="g">252</subfield>
      <subfield code="o">69 M294m</subfield>
      <subfield code="e">Compra Contrato Programa</subfield>
      <subfield code="8">CG</subfield>
    </datafield>
  </record>