
  <record>
    <leader>01000aam  22002601a 4500</leader>
    <controlfield tag="001">YPZ86910</controlfield>
    <controlfield tag="003">YPZ</controlfield>
    <controlfield tag="005">200708311253140</controlfield>
    <controlfield tag="008">070831|###########||||||b||||||||||spa|d</controlfield>
    <datafield tag="020" ind1=" " ind2=" ">
      <subfield code="a">8479785187</subfield>
    </datafield>
    <datafield tag="040" ind1=" " ind2=" ">
      <subfield code="c">SIUNPA</subfield>
    </datafield>
    <datafield tag="041" ind1=" " ind2=" ">
      <subfield code="a">spa</subfield>
    </datafield>
    <datafield tag="044" ind1=" " ind2=" ">
      <subfield code="a">ES</subfield>
    </datafield>
    <datafield tag="080" ind1=" " ind2=" ">
      <subfield code="a">614.253.5 M664e</subfield>
    </datafield>
    <datafield tag="100" ind1=" " ind2=" ">
      <subfield code="a">Mingote Adán, José Carlos.</subfield>
    </datafield>
    <datafield tag="700" ind1=" " ind2=" ">
      <subfield code="a">Pérez García, Santiago.</subfield>
    </datafield>
    <datafield tag="245" ind1=" " ind2=" ">
      <subfield code="a">Estrés en la enfermería</subfield>
      <subfield code="b"> : el cuidado del cuidador</subfield>
      <subfield code="c"> / Bayona, Fernando, il. ; Antón, Alicia</subfield>
    </datafield>
    <datafield tag="260" ind1=" " ind2=" ">
      <subfield code="a">Madrid</subfield>
      <subfield code="b"> : Díaz de Santos</subfield>
      <subfield code="c"> , 2003</subfield>
    </datafield>
    <datafield tag="300" ind1=" " ind2=" ">
      <subfield code="a">562 p. : </subfield>
      <subfield code="b">il. ; </subfield>
      <subfield code="a">ix, 178 p. : </subfield>
      <subfield code="b">il. ; </subfield>
      <subfield code="a">xvi, 285 p. : </subfield>
      <subfield code="b">il. ; </subfield>
      <subfield code="a">130 p. : </subfield>
      <subfield code="b">il. ; </subfield>
      <subfield code="a">x, 334 p. : </subfield>
      <subfield code="b">il. ; </subfield>
      <subfield code="a">ix, 641 p. : </subfield>
      <subfield code="b">il. ; </subfield>
      <subfield code="a">xi, 240 p. : </subfield>
      <subfield code="b">il. ; </subfield>
      <subfield code="a">240 p. : </subfield>
      <subfield code="b">il. ; </subfield>
      <subfield code="a">xvi, 546 p. : </subfield>
      <subfield code="b">il. ; </subfield>
      <subfield code="a">xx, 267 p. : </subfield>
      <subfield code="b">il. ; </subfield>
      <subfield code="a">168 p. : </subfield>
      <subfield code="b">il. ; </subfield>
      <subfield code="a">xv, 587 p. : </subfield>
      <subfield code="b">il. ; </subfield>
      <subfield code="a">vii, 222 p. : </subfield>
      <subfield code="b">il. ; </subfield>
      <subfield code="a">xiv, 1111 p. : </subfield>
      <subfield code="b">il. ; </subfield>
      <subfield code="a">viii, 341 p. : </subfield>
      <subfield code="b">il. ; </subfield>
      <subfield code="a">184 p. : </subfield>
      <subfield code="a">734 p. : </subfield>
      <subfield code="b">il. ; </subfield>
      <subfield code="a">xx, 822 p. : </subfield>
      <subfield code="b">il. ; </subfield>
      <subfield code="a">xvii, 416 p. : </subfield>
      <subfield code="b">il. ; </subfield>
      <subfield code="a">239 p. : </subfield>
      <subfield code="b">il. ; </subfield>
      <subfield code="a">xxi, 163 p. : </subfield>
      <subfield code="b">il. ; </subfield>
      <subfield code="a">448 p. : </subfield>
      <subfield code="b">il. ; </subfield>
      <subfield code="a">xv, 159 p. : </subfield>
      <subfield code="b">il. ; </subfield>
      <subfield code="a">243 p. : </subfield>
      <subfield code="b">il. ; </subfield>
      <subfield code="a">xix, 138 p. : </subfield>
      <subfield code="b">il. ; </subfield>
      <subfield code="e">1 CD-ROM en bolsillo</subfield>
    </datafield>
    <datafield tag="500" ind1=" " ind2=" ">
      <subfield code="a">Contenido del CD-ROM: Método de relajación</subfield>
    </datafield>
    <datafield tag="650" ind1=" " ind2=" ">
      <subfield code="a"> ESTRES PROFESIONAL</subfield>
    </datafield>
    <datafield tag="650" ind1=" " ind2=" ">
      <subfield code="a"> PSICOPATOLOGIA</subfield>
    </datafield>
    <datafield tag="650" ind1=" " ind2=" ">
      <subfield code="a"> PSICOLOGIA DEL TRABAJO</subfield>
    </datafield>
    <datafield tag="650" ind1=" " ind2=" ">
      <subfield code="a"> ENFERMERO</subfield>
    </datafield>
    <datafield tag="942" ind1=" " ind2=" ">
      <subfield code="c">BK</subfield>
    </datafield>
    <datafield tag="952" ind1=" " ind2=" ">
      <subfield code="a">BIB_RECT</subfield>
      <subfield code="b">BIB_UART</subfield>
      <subfield code="d">2007-08-29</subfield>
      <subfield code="y">BK</subfield>
      <subfield code="p">03-33060</subfield>
      <subfield code="i">03-33060</subfield>
      <subfield code="g">29</subfield>
      <subfield code="o">614.253.5 M664e</subfield>
      <subfield code="e">SIUNPA</subfield>
      <subfield code="8">CG</subfield>
    </datafield>
  </record>