
  <record>
    <leader>01000aam  22002601a 4500</leader>
    <controlfield tag="001">YPZ86918</controlfield>
    <controlfield tag="003">YPZ</controlfield>
    <controlfield tag="005">200709031237280</controlfield>
    <controlfield tag="008">070903|###########||||||b||||||||||spa|d</controlfield>
    <datafield tag="020" ind1=" " ind2=" ">
      <subfield code="a">8448137159</subfield>
    </datafield>
    <datafield tag="040" ind1=" " ind2=" ">
      <subfield code="c">SIUNPA</subfield>
    </datafield>
    <datafield tag="041" ind1=" " ind2=" ">
      <subfield code="a">spa</subfield>
    </datafield>
    <datafield tag="044" ind1=" " ind2=" ">
      <subfield code="a">ES</subfield>
    </datafield>
    <datafield tag="080" ind1=" " ind2=" ">
      <subfield code="a">004.43 B183p</subfield>
    </datafield>
    <datafield tag="100" ind1=" " ind2=" ">
      <subfield code="a">Balena, Francesco.</subfield>
    </datafield>
    <datafield tag="245" ind1=" " ind2=" ">
      <subfield code="a">Programación avanzada con Microsoft Visual Basic .Net</subfield>
      <subfield code="c"> / Rodríguez Vega, Jorge, tr. ; Mosquera Vázquez, Javier, tr.</subfield>
    </datafield>
    <datafield tag="260" ind1=" " ind2=" ">
      <subfield code="a">Aravaca</subfield>
      <subfield code="b"> : McGraw-Hill/Interamericana de España</subfield>
      <subfield code="c"> , 2003</subfield>
    </datafield>
    <datafield tag="300" ind1=" " ind2=" ">
      <subfield code="a">v, 394 p. : </subfield>
      <subfield code="b">il. ; </subfield>
      <subfield code="a">209 p. : </subfield>
      <subfield code="b">il. ; </subfield>
      <subfield code="a">xvi, 327 p. : </subfield>
      <subfield code="b">il. ; </subfield>
      <subfield code="a">xvii, 425 p. : </subfield>
      <subfield code="a">xxix, 887 p. : </subfield>
      <subfield code="b">il. ; </subfield>
      <subfield code="a">xix, 570 p. : </subfield>
      <subfield code="b">il. ; </subfield>
      <subfield code="a">xlviii, 1269 p. : </subfield>
      <subfield code="b">il. ; </subfield>
      <subfield code="a">xxv, 1238 p. : </subfield>
      <subfield code="b">il. ; </subfield>
      <subfield code="e">1 CD-ROM en bolsillo</subfield>
    </datafield>
    <datafield tag="650" ind1=" " ind2=" ">
      <subfield code="a"> LENGUAJE DE PROGRAMACION</subfield>
    </datafield>
    <datafield tag="650" ind1=" " ind2=" ">
      <subfield code="a"> VISUAL BASIC</subfield>
    </datafield>
    <datafield tag="650" ind1=" " ind2=" ">
      <subfield code="a"> PROGRAMACION DE COMPUTADORAS</subfield>
    </datafield>
    <datafield tag="942" ind1=" " ind2=" ">
      <subfield code="c">BK</subfield>
    </datafield>
    <datafield tag="952" ind1=" " ind2=" ">
      <subfield code="a">BIB_RECT</subfield>
      <subfield code="b">BIB_UASJ</subfield>
      <subfield code="d">2007-08-29</subfield>
      <subfield code="y">BK</subfield>
      <subfield code="p">03-33134</subfield>
      <subfield code="i">03-33134</subfield>
      <subfield code="g">119</subfield>
      <subfield code="o">004.43 B183p</subfield>
      <subfield code="e">SIUNPA</subfield>
      <subfield code="8">CG</subfield>
    </datafield>
    <datafield tag="952" ind1=" " ind2=" ">
      <subfield code="a">BIB_RECT</subfield>
      <subfield code="b">BIB_UART</subfield>
      <subfield code="d">2007-08-29</subfield>
      <subfield code="y">BK</subfield>
      <subfield code="p">03-33135</subfield>
      <subfield code="i">03-33135</subfield>
      <subfield code="g">119</subfield>
      <subfield code="o">004.43 B183p</subfield>
      <subfield code="e">SIUNPA</subfield>
      <subfield code="8">CG</subfield>
    </datafield>
    <datafield tag="952" ind1=" " ind2=" ">
      <subfield code="a">BIB_RECT</subfield>
      <subfield code="b">BIB_UART</subfield>
      <subfield code="d">2007-08-29</subfield>
      <subfield code="y">BK</subfield>
      <subfield code="p">03-33136</subfield>
      <subfield code="i">03-33136</subfield>
      <subfield code="g">119</subfield>
      <subfield code="o">004.43 B183p</subfield>
      <subfield code="e">SIUNPA</subfield>
      <subfield code="8">CG</subfield>
    </datafield>
    <datafield tag="952" ind1=" " ind2=" ">
      <subfield code="a">BIB_RECT</subfield>
      <subfield code="b">BIB_UART</subfield>
      <subfield code="d">2007-08-29</subfield>
      <subfield code="y">BK</subfield>
      <subfield code="p">03-33137</subfield>
      <subfield code="i">03-33137</subfield>
      <subfield code="g">119</subfield>
      <subfield code="o">004.43 B183p</subfield>
      <subfield code="e">SIUNPA</subfield>
      <subfield code="8">CG</subfield>
    </datafield>
    <datafield tag="952" ind1=" " ind2=" ">
      <subfield code="a">BIB_RECT</subfield>
      <subfield code="b">BIB_UART</subfield>
      <subfield code="d">2007-08-29</subfield>
      <subfield code="y">BK</subfield>
      <subfield code="p">03-33138</subfield>
      <subfield code="i">03-33138</subfield>
      <subfield code="g">119</subfield>
      <subfield code="o">004.43 B183p</subfield>
      <subfield code="e">SIUNPA</subfield>
      <subfield code="8">CG</subfield>
    </datafield>
  </record>