
  <record>
    <leader>01000aam  22002601a 4500</leader>
    <controlfield tag="001">YPZ86941</controlfield>
    <controlfield tag="003">YPZ</controlfield>
    <controlfield tag="005">200709061217420</controlfield>
    <controlfield tag="008">070906|###########||||||b||||||||||spa|d</controlfield>
    <datafield tag="020" ind1=" " ind2=" ">
      <subfield code="a">9702607361</subfield>
    </datafield>
    <datafield tag="040" ind1=" " ind2=" ">
      <subfield code="c">SIUNPA</subfield>
    </datafield>
    <datafield tag="041" ind1=" " ind2=" ">
      <subfield code="a">spa</subfield>
    </datafield>
    <datafield tag="044" ind1=" " ind2=" ">
      <subfield code="a">MX</subfield>
    </datafield>
    <datafield tag="080" ind1=" " ind2=" ">
      <subfield code="a">512 S951a7</subfield>
    </datafield>
    <datafield tag="100" ind1=" " ind2=" ">
      <subfield code="a">Sullivan, Michael.</subfield>
    </datafield>
    <datafield tag="245" ind1=" " ind2=" ">
      <subfield code="a">Álgebra y trigonometría</subfield>
      <subfield code="b"> : séptima edición</subfield>
      <subfield code="c"> / González Osuna, Marcia Aída, tr. ; Durán Reyes, Sergio, tr. ; Hernández Garciadiego, Carlos, rev. técnica</subfield>
    </datafield>
    <datafield tag="260" ind1=" " ind2=" ">
      <subfield code="a">Naucalpan de Juárez</subfield>
      <subfield code="b"> : Pearson Educación</subfield>
      <subfield code="c"> , 2006</subfield>
    </datafield>
    <datafield tag="650" ind1=" " ind2=" ">
      <subfield code="a"> ALGEBRA</subfield>
    </datafield>
    <datafield tag="650" ind1=" " ind2=" ">
      <subfield code="a"> TRIGONOMETRIA</subfield>
    </datafield>
    <datafield tag="650" ind1=" " ind2=" ">
      <subfield code="a"> RESOLUCION DE PROBLEMAS</subfield>
    </datafield>
    <datafield tag="942" ind1=" " ind2=" ">
      <subfield code="c">BK</subfield>
    </datafield>
    <datafield tag="952" ind1=" " ind2=" ">
      <subfield code="a">BIB_RECT</subfield>
      <subfield code="b">BIB_UART</subfield>
      <subfield code="d">2007-09-05</subfield>
      <subfield code="y">BK</subfield>
      <subfield code="p">03-33206</subfield>
      <subfield code="i">03-33206</subfield>
      <subfield code="g">89</subfield>
      <subfield code="o">512 S951a7</subfield>
      <subfield code="e">SIUNPA</subfield>
      <subfield code="8">CG</subfield>
    </datafield>
    <datafield tag="952" ind1=" " ind2=" ">
      <subfield code="a">BIB_RECT</subfield>
      <subfield code="b">BIB_UART</subfield>
      <subfield code="d">2007-09-05</subfield>
      <subfield code="y">BK</subfield>
      <subfield code="p">03-33207</subfield>
      <subfield code="i">03-33207</subfield>
      <subfield code="g">89</subfield>
      <subfield code="o">512 S951a7</subfield>
      <subfield code="e">SIUNPA</subfield>
      <subfield code="8">CG</subfield>
    </datafield>
    <datafield tag="952" ind1=" " ind2=" ">
      <subfield code="a">BIB_RECT</subfield>
      <subfield code="b">BIB_UART</subfield>
      <subfield code="d">2007-09-05</subfield>
      <subfield code="y">BK</subfield>
      <subfield code="p">03-33208</subfield>
      <subfield code="i">03-33208</subfield>
      <subfield code="g">89</subfield>
      <subfield code="o">512 S951a7</subfield>
      <subfield code="e">SIUNPA</subfield>
      <subfield code="8">CG</subfield>
    </datafield>
    <datafield tag="952" ind1=" " ind2=" ">
      <subfield code="a">BIB_RECT</subfield>
      <subfield code="b">BIB_UART</subfield>
      <subfield code="d">2007-09-05</subfield>
      <subfield code="y">BK</subfield>
      <subfield code="p">03-33209</subfield>
      <subfield code="i">03-33209</subfield>
      <subfield code="g">89</subfield>
      <subfield code="o">512 S951a7</subfield>
      <subfield code="e">SIUNPA</subfield>
      <subfield code="8">CG</subfield>
    </datafield>
    <datafield tag="952" ind1=" " ind2=" ">
      <subfield code="a">BIB_RECT</subfield>
      <subfield code="b">BIB_UART</subfield>
      <subfield code="d">2007-09-05</subfield>
      <subfield code="y">BK</subfield>
      <subfield code="p">03-33210</subfield>
      <subfield code="i">03-33210</subfield>
      <subfield code="g">89</subfield>
      <subfield code="o">512 S951a7</subfield>
      <subfield code="e">SIUNPA</subfield>
      <subfield code="8">CG</subfield>
    </datafield>
  </record>