
  <record>
    <leader>01000aam  22002601a 4500</leader>
    <controlfield tag="001">YPZ86952</controlfield>
    <controlfield tag="003">YPZ</controlfield>
    <controlfield tag="005">200709071033050</controlfield>
    <controlfield tag="008">070907|###########||||||b||||||||||spa|d</controlfield>
    <datafield tag="020" ind1=" " ind2=" ">
      <subfield code="a">8420540803</subfield>
    </datafield>
    <datafield tag="040" ind1=" " ind2=" ">
      <subfield code="c">SIUNPA</subfield>
    </datafield>
    <datafield tag="041" ind1=" " ind2=" ">
      <subfield code="a">spa</subfield>
    </datafield>
    <datafield tag="044" ind1=" " ind2=" ">
      <subfield code="a">ES</subfield>
    </datafield>
    <datafield tag="080" ind1=" " ind2=" ">
      <subfield code="a">004.73 C579g3 3-4</subfield>
    </datafield>
    <datafield tag="110" ind1=" " ind2=" ">
      <subfield code="a">Cisco Systems. Cisco Networking Academy Program.</subfield>
    </datafield>
    <datafield tag="245" ind1=" " ind2=" ">
      <subfield code="a">Guía del segundo año CCNA 3 y 4</subfield>
      <subfield code="c"> / KME Sistemas, tr.</subfield>
    </datafield>
    <datafield tag="250" ind1=" " ind2=" ">
      <subfield code="a">3a ed.</subfield>
    </datafield>
    <datafield tag="260" ind1=" " ind2=" ">
      <subfield code="a">Madrid</subfield>
      <subfield code="b"> : Pearson Educación</subfield>
      <subfield code="b"> : Cisco Systems</subfield>
      <subfield code="c"> , 2004</subfield>
    </datafield>
    <datafield tag="300" ind1=" " ind2=" ">
      <subfield code="a">xlii, 896 p. : </subfield>
      <subfield code="b">il. ; </subfield>
      <subfield code="e">1 CD-ROM en bolsillo</subfield>
    </datafield>
    <datafield tag="500" ind1=" " ind2=" ">
      <subfield code="a">Contenido del CD-ROM: este CD-ROM contiene actividades de e-Lab interactivas, preguntas de preparación para el CCNA, animaciones y vídeos que refuerzan los temas tratados en el libro y la experiencia de aprendizaje global</subfield>
    </datafield>
    <datafield tag="650" ind1=" " ind2=" ">
      <subfield code="a"> REDES INFORMATICAS</subfield>
    </datafield>
    <datafield tag="650" ind1=" " ind2=" ">
      <subfield code="a"> REDES LOCALES</subfield>
    </datafield>
    <datafield tag="650" ind1=" " ind2=" ">
      <subfield code="a"> INTERNET</subfield>
    </datafield>
    <datafield tag="650" ind1=" " ind2=" ">
      <subfield code="a"> PROTOCOLO DE COMUNICACION</subfield>
    </datafield>
    <datafield tag="942" ind1=" " ind2=" ">
      <subfield code="c">BK</subfield>
    </datafield>
    <datafield tag="952" ind1=" " ind2=" ">
      <subfield code="a">BIB_RECT</subfield>
      <subfield code="b">BIB_UART</subfield>
      <subfield code="d">2007-09-05</subfield>
      <subfield code="y">BK</subfield>
      <subfield code="p">03-33227</subfield>
      <subfield code="i">03-33227</subfield>
      <subfield code="g">188</subfield>
      <subfield code="o">004.73 C579g3 3-4</subfield>
      <subfield code="e">SIUNPA</subfield>
      <subfield code="8">CG</subfield>
    </datafield>
    <datafield tag="952" ind1=" " ind2=" ">
      <subfield code="a">BIB_RECT</subfield>
      <subfield code="b">BIB_UART</subfield>
      <subfield code="d">2007-09-05</subfield>
      <subfield code="y">BK</subfield>
      <subfield code="p">03-33228</subfield>
      <subfield code="i">03-33228</subfield>
      <subfield code="g">188</subfield>
      <subfield code="o">004.73 C579g3 3-4</subfield>
      <subfield code="e">SIUNPA</subfield>
      <subfield code="8">CG</subfield>
    </datafield>
    <datafield tag="952" ind1=" " ind2=" ">
      <subfield code="a">BIB_RECT</subfield>
      <subfield code="b">BIB_UART</subfield>
      <subfield code="d">2007-09-05</subfield>
      <subfield code="y">BK</subfield>
      <subfield code="p">03-33229</subfield>
      <subfield code="i">03-33229</subfield>
      <subfield code="g">188</subfield>
      <subfield code="o">004.73 C579g3 3-4</subfield>
      <subfield code="e">SIUNPA</subfield>
      <subfield code="8">CG</subfield>
    </datafield>
    <datafield tag="952" ind1=" " ind2=" ">
      <subfield code="a">BIB_RECT</subfield>
      <subfield code="b">BIB_UART</subfield>
      <subfield code="d">2007-09-05</subfield>
      <subfield code="y">BK</subfield>
      <subfield code="p">03-33230</subfield>
      <subfield code="i">03-33230</subfield>
      <subfield code="g">188</subfield>
      <subfield code="o">004.73 C579g3 3-4</subfield>
      <subfield code="e">SIUNPA</subfield>
      <subfield code="8">CG</subfield>
    </datafield>
    <datafield tag="952" ind1=" " ind2=" ">
      <subfield code="a">BIB_RECT</subfield>
      <subfield code="b">BIB_UART</subfield>
      <subfield code="d">2007-09-05</subfield>
      <subfield code="y">BK</subfield>
      <subfield code="p">03-33231</subfield>
      <subfield code="i">03-33231</subfield>
      <subfield code="g">188</subfield>
      <subfield code="o">004.73 C579g3 3-4</subfield>
      <subfield code="e">SIUNPA</subfield>
      <subfield code="8">CG</subfield>
    </datafield>
  </record>