
  <record>
    <leader>01000aam  22002601a 4500</leader>
    <controlfield tag="001">YPZ86959</controlfield>
    <controlfield tag="003">YPZ</controlfield>
    <controlfield tag="005">200709071801300</controlfield>
    <controlfield tag="008">070907|###########||||||b||||||||||spa|d</controlfield>
    <datafield tag="020" ind1=" " ind2=" ">
      <subfield code="a">970151100X</subfield>
    </datafield>
    <datafield tag="040" ind1=" " ind2=" ">
      <subfield code="c">SIUNPA</subfield>
    </datafield>
    <datafield tag="041" ind1=" " ind2=" ">
      <subfield code="a">spa</subfield>
    </datafield>
    <datafield tag="044" ind1=" " ind2=" ">
      <subfield code="a">MX</subfield>
    </datafield>
    <datafield tag="080" ind1=" " ind2=" ">
      <subfield code="a">004.42 C136m3</subfield>
    </datafield>
    <datafield tag="100" ind1=" " ind2=" ">
      <subfield code="a">Cairó Battistutti, Osvaldo.</subfield>
    </datafield>
    <datafield tag="245" ind1=" " ind2=" ">
      <subfield code="a">Metodología de la programación</subfield>
      <subfield code="b"> : algoritmos, diagramas de flujo y programas</subfield>
    </datafield>
    <datafield tag="250" ind1=" " ind2=" ">
      <subfield code="a">3a ed., 2a reimpr.</subfield>
    </datafield>
    <datafield tag="260" ind1=" " ind2=" ">
      <subfield code="a">México, D.F.</subfield>
      <subfield code="b"> : Alfaomega</subfield>
      <subfield code="c"> , 2006</subfield>
    </datafield>
    <datafield tag="650" ind1=" " ind2=" ">
      <subfield code="a"> PROGRAMACION DE COMPUTADORA</subfield>
    </datafield>
    <datafield tag="942" ind1=" " ind2=" ">
      <subfield code="c">BK</subfield>
    </datafield>
    <datafield tag="952" ind1=" " ind2=" ">
      <subfield code="a">BIB_RECT</subfield>
      <subfield code="b">BIB_UART</subfield>
      <subfield code="d">2007-09-05</subfield>
      <subfield code="y">BK</subfield>
      <subfield code="p">03-33184</subfield>
      <subfield code="i">03-33184</subfield>
      <subfield code="g">56</subfield>
      <subfield code="o">004.42 C136m3</subfield>
      <subfield code="e">SIUNPA</subfield>
      <subfield code="8">CG</subfield>
    </datafield>
    <datafield tag="952" ind1=" " ind2=" ">
      <subfield code="a">BIB_RECT</subfield>
      <subfield code="b">BIB_UART</subfield>
      <subfield code="d">2007-09-05</subfield>
      <subfield code="y">BK</subfield>
      <subfield code="p">03-33185</subfield>
      <subfield code="i">03-33185</subfield>
      <subfield code="g">56</subfield>
      <subfield code="o">004.42 C136m3</subfield>
      <subfield code="e">SIUNPA</subfield>
      <subfield code="8">CG</subfield>
    </datafield>
    <datafield tag="952" ind1=" " ind2=" ">
      <subfield code="a">BIB_RECT</subfield>
      <subfield code="b">BIB_UART</subfield>
      <subfield code="d">2007-09-05</subfield>
      <subfield code="y">BK</subfield>
      <subfield code="p">03-33186</subfield>
      <subfield code="i">03-33186</subfield>
      <subfield code="g">56</subfield>
      <subfield code="o">004.42 C136m3</subfield>
      <subfield code="e">SIUNPA</subfield>
      <subfield code="8">CG</subfield>
    </datafield>
    <datafield tag="952" ind1=" " ind2=" ">
      <subfield code="a">BIB_RECT</subfield>
      <subfield code="b">BIB_UART</subfield>
      <subfield code="d">2007-09-05</subfield>
      <subfield code="y">BK</subfield>
      <subfield code="p">03-33187</subfield>
      <subfield code="i">03-33187</subfield>
      <subfield code="g">56</subfield>
      <subfield code="o">004.42 C136m3</subfield>
      <subfield code="e">SIUNPA</subfield>
      <subfield code="8">CG</subfield>
    </datafield>
    <datafield tag="952" ind1=" " ind2=" ">
      <subfield code="a">BIB_RECT</subfield>
      <subfield code="b">BIB_UART</subfield>
      <subfield code="d">2007-09-05</subfield>
      <subfield code="y">BK</subfield>
      <subfield code="p">03-33188</subfield>
      <subfield code="i">03-33188</subfield>
      <subfield code="g">56</subfield>
      <subfield code="o">004.42 C136m3</subfield>
      <subfield code="e">SIUNPA</subfield>
      <subfield code="8">CG</subfield>
    </datafield>
  </record>