
  <record>
    <leader>01000aam  22002601a 4500</leader>
    <controlfield tag="001">YPZ86969</controlfield>
    <controlfield tag="003">YPZ</controlfield>
    <controlfield tag="005">200709121334300</controlfield>
    <controlfield tag="008">070912|###########||||||b||||||||||spa|d</controlfield>
    <datafield tag="020" ind1=" " ind2=" ">
      <subfield code="a">9879710010</subfield>
    </datafield>
    <datafield tag="040" ind1=" " ind2=" ">
      <subfield code="c">SIUNPA</subfield>
    </datafield>
    <datafield tag="041" ind1=" " ind2=" ">
      <subfield code="a">spa</subfield>
    </datafield>
    <datafield tag="044" ind1=" " ind2=" ">
      <subfield code="a">AR</subfield>
    </datafield>
    <datafield tag="080" ind1=" " ind2=" ">
      <subfield code="a">94(82) L953r</subfield>
    </datafield>
    <datafield tag="100" ind1=" " ind2=" ">
      <subfield code="a">Luiz, María Teresa.</subfield>
    </datafield>
    <datafield tag="245" ind1=" " ind2=" ">
      <subfield code="a">Relaciones fronterizas en Patagonia</subfield>
      <subfield code="b"> : la convivencia hispano-indígena a fines del período colonial</subfield>
    </datafield>
    <datafield tag="260" ind1=" " ind2=" ">
      <subfield code="a">Ushuaia</subfield>
      <subfield code="b"> : Asociación Hanis</subfield>
      <subfield code="b"> : Universidad Nacional de la Patagonia San Juan Bosco</subfield>
      <subfield code="c"> , 2006</subfield>
    </datafield>
    <datafield tag="650" ind1=" " ind2=" ">
      <subfield code="a"> HISTORIA ARGENTINA</subfield>
    </datafield>
    <datafield tag="650" ind1=" " ind2=" ">
      <subfield code="a"> FRONTERA</subfield>
    </datafield>
    <datafield tag="650" ind1=" " ind2=" ">
      <subfield code="a"> INDIGENAS</subfield>
    </datafield>
    <datafield tag="650" ind1=" " ind2=" ">
      <subfield code="a"> SIGLO XVIII</subfield>
    </datafield>
    <datafield tag="650" ind1=" " ind2=" ">
      <subfield code="a"> REGION PATAGONCA</subfield>
    </datafield>
    <datafield tag="942" ind1=" " ind2=" ">
      <subfield code="c">BK</subfield>
    </datafield>
    <datafield tag="952" ind1=" " ind2=" ">
      <subfield code="a">BIB_RECT</subfield>
      <subfield code="b">BIB_UACO</subfield>
      <subfield code="d">2008-10-17</subfield>
      <subfield code="y">BK</subfield>
      <subfield code="p">02-36424</subfield>
      <subfield code="i">02-36424</subfield>
      <subfield code="g">45</subfield>
      <subfield code="o">94(82) L953r</subfield>
      <subfield code="e">Donación Facultad de Humanidades y socia</subfield>
      <subfield code="8">CG</subfield>
    </datafield>
    <datafield tag="952" ind1=" " ind2=" ">
      <subfield code="a">BIB_RECT</subfield>
      <subfield code="b">BIB_UASJ</subfield>
      <subfield code="d">2007-04-18</subfield>
      <subfield code="y">BK</subfield>
      <subfield code="p">04-33305</subfield>
      <subfield code="i">04-33305</subfield>
      <subfield code="g">42</subfield>
      <subfield code="o">94(82) L953r</subfield>
      <subfield code="e">Donación</subfield>
      <subfield code="8">CG</subfield>
    </datafield>
    <datafield tag="952" ind1=" " ind2=" ">
      <subfield code="a">BIB_RECT</subfield>
      <subfield code="b">BIB_UARG</subfield>
      <subfield code="d">2008-03-10</subfield>
      <subfield code="y">BK</subfield>
      <subfield code="p">05-34556</subfield>
      <subfield code="i">05-34556</subfield>
      <subfield code="g">38</subfield>
      <subfield code="o">94(82) L953r</subfield>
      <subfield code="e">Univ. Nac. de la Patagonia San J. Bosco</subfield>
      <subfield code="8">CG</subfield>
    </datafield>
    <datafield tag="952" ind1=" " ind2=" ">
      <subfield code="a">BIB_RECT</subfield>
      <subfield code="b">BIB_UARG</subfield>
      <subfield code="d">2018-03-15</subfield>
      <subfield code="y">BK</subfield>
      <subfield code="p">05-49585</subfield>
      <subfield code="i">05-49585</subfield>
      <subfield code="g">460</subfield>
      <subfield code="o">94(82) L953r</subfield>
      <subfield code="e">Don. Luiz, María Teresa</subfield>
      <subfield code="8">CG</subfield>
    </datafield>
  </record>